3854 6128
147 207 200 273 (ῃ
663 209 705 267 ar
726 208 842 266 anem
861 211 994 280 aaran,
1015 214 1103 284 arc..
1123 217 1239 279 sanna
1257 224 1280 279 x.
1731 231 1785 294 aaa

147 329 182 386 ibi
198 328 272 386 enim
285 328 402 385 dieitur:
418 326 544 382 Memento
563 326 630 380 atem
653 325 760 380 Sabaon·
773 324 936 391 sanctificare
995 326 1040 382 Dei
1053 343 1068 382 a
1081 332 1223 400 sapientia,
1248 348 1334 406 usque
1353 336 1386 392 ad
1401 337 1535 407 timorem,
1549 350 1578 396 ut
1592 355 1641 398 nos
1654 347 1781 404 ascenda-

146 437 214 476 cunr.
228 420 386 491 Deniqueel
398 418 533 489 inprimis
546 415 673 487 operibus
686 416 778 470 mnndi
792 415 856 470 lecit
867 417 936 471 Deus
990 434 1074 475 musa
1086 423 1182 479 timore
1202 425 1237 481 ad
1259 428 1427 498 sapientiam.
1444 429 1551 486 initium
1565 435 1633 488 enim
1650 437 1782 507 sapienti.

145 515 228 581 diem,
242 512 307 571 iecit
316 512 427 578 omium,
442 519 553 576 terram,
567 523 654 573 mare,
665 507 818 574 luminaria,
831 507 935 575 stellas,
990 512 1065 567 timor
1074 512 1114 583 (l)
1129 514 1232 571 llorntni
1246 517 1337 587 (Pron.
1350 538 1369 588 ι,
1383 521 1421 592 l).
1438 523 1474 577 lta
1487 539 1552 595 ergo
1571 533 1601 581 ct
1611 530 1781 597 septenarius

145 605 270 662 ”limam
282 619 316 660 0¹
328 604 415 673 Anulis
430 617 463 657 θλ
484 610 556 657 lem
578 599 715 656 h⁰ffll¹¹0¹⁰
738 598 771 653 id
793 597 936 667 imildissem
989 602 1100 670 spiritus
1112 613 1141 661 et
1154 622 1224 663 anus
1235 609 1345 678 spiritus
1357 614 1511 682 septenaria
1525 615 1630 672 ratione
1642 633 1722 674 artus.
1736 619 1778 676 An

145 711 231 753 snam.
244 694 389 751 l'acitbaec
402 694 505 760 omnia,
520 706 652 762 nusquam
666 699 745 746 sonat
758 689 859 760 aliquid
873 703 936 744 san·
988 690 1088 762 aliquid
1106 695 1257 754 evidentius
1275 701 1371 756 uultisl
1392 702 1569 762 Pentecosten
1583 705 1656 763 diem
1681 708 1779 768 leston
1808 652 1816 735 ἱ

144 790 299 850 etidcatam.
323 787 489 856 Peraguntur
502 785 553 840 ista
566 799 614 840 sex
634 783 740 848 diebus,
753 780 935 837 sanctificatur
988 781 1125 853 Scriptura
1139 797 1231 843 sarreta
1244 789 1279 845 de
1292 793 1450 863 septimanis
1461 794 1559 851 lactum
1572 812 1777 859 commemorat.
1810 802 1812 806 ‘

143 883 202 938 dics
216 881 347 953 septimus
363 878 510 934 uacationis
524 878 589 932 llei:
606 891 687 946 opera
702 889 755 944 noa
774 873 933 938 sanctificat,
988 872 1098 930 Habetis
1112 880 1137 932 in
1149 878 1288 948 Scriptura
1302 882 1393 938 Tabiae
1408 884 1462 954 (ἓ),
1481 886 1526 941 nbi
1540 889 1622 944 ariam
1636 890 1777 949 enipeum

145 973 312 1028 vacationem
327 970 476 1026 sanctificat
489 968 566 1039 (Gen.
581 967 659 1039 rub).
684 965 754 1034 Quid
776 965 873 1021 dicturi
886 980 932 1022 su·
987 962 1084 1019 dieitur
1109 966 1189 1022 istam
1213 970 1284 1026 diem
1311 971 1408 1028 festum
1434 975 1469 1031 de
1488 979 1654 1047 septimanis.
1671 982 1777 1053 Septies

144 1066 221 1122 mas?
240 1064 380 1134 Quomodo
394 1064 472 1119 nobis
496 1062 680 1118 laborantibus
703 1061 860 1132 plerumque
874 1058 935 1114 dul·

143 1159 358 1224 ciusestotium,
373 1172 452 1228 quam
466 1171 547 1227 opus,
569 1158 606 1211 ita
627 1164 753 1224 putamus
777 1162 805 1210 et
828 1153 934 1210 beram?

142 1250 200 1306 Nan
217 1250 268 1305 bac
282 1259 376 1319 perraro
396 1247 535 1312 debemus,
547 1260 597 1302 acc
610 1246 649 1301 sic
664 1245 811 1302 laborando
824 1246 931 1311 iecisse,

141 1350 169 1397 ct
183 1355 236 1396 non
244 1339 363 1410 jubenda
376 1339 520 1404 creavisse,
536 1336 609 1392 Diait
619 1335 786 1402 DenssFiat,
800 1347 824 1392 et
837 1340 934 1407 {actum

141 1441 187 1487 est.
199 1431 256 1487 lloc
269 1430 348 1486 mado
362 1429 492 1496 iaciendo,
506 1443 556 1485 nec
567 1430 623 1499 ipse
632 1427 713 1484 bomo
724 1428 868 1485 laboraret.
878 1429 932 1485 Sed

142 1526 168 1580 in
184 1525 230 1580 illo
248 1524 292 1579 die
312 1523 499 1579 commendata
524 1522 601 1579 nobis
625 1521 748 1591 quaedam
772 1522 879 1592 requies
897 1521 933 1578 ab

141 1615 266 1670 amnibus
277 1613 524 1684 operibusnostris,
541 1621 569 1668 ut
579 1622 639 1683 past
653 1613 723 1668 bana
738 1627 819 1683 opera
839 1621 931 1668 nostra

141 1709 354 1780 intelligeremus
373 1721 423 1763 aas
443 1708 615 1778 requieturos
638 1706 699 1762 sine
714 1707 839 1762 termina.
863 1705 930 1760 liam

140 1815 235 1856 omnes
255 1801 312 1856 dies
332 1800 368 1856 ibi
389 1800 490 1856 babent
501 1815 654 1871 vesperam,
670 1803 801 1872 septimus
815 1815 869 1856 nan
884 1801 934 1856 lra-

140 1892 200 1956 bet;
223 1905 369 1960 operamur
390 1891 464 1947 enim
487 1906 547 1947 cum
571 1893 634 1957 line,
651 1892 848 1962 requiescimus
872 1894 932 1949 siae

140 1982 203 2037 dire.
218 1981 254 2036 lbi
265 1982 442 2038 sanctillcatia
453 1991 532 2037 sonat
546 1996 644 2052 magno
657 1981 775 2051 quadam
788 1983 928 2053 mysteria,

139 2075 277 2144 pertinens
296 2073 330 2129 ad
351 2073 480 2144 Spiritum
494 2082 627 2129 sanctum.
643 2073 679 2128 At
692 2088 754 2129 enm
769 2087 813 2128 me
834 2072 931 2128 dicen·

139 2178 203 2234 tem,
219 2166 334 2223 iratres:
348 2167 469 2236 Accipite
482 2180 543 2221 cum
557 2166 646 2231 xenia,
662 2165 778 2221 obsecro
798 2179 858 2232 uos,
873 2179 930 2219 ma·

137 2260 178 2330 gis
200 2261 365 2330 inquirentes
387 2259 452 2329 qaid
473 2274 565 2325 coner,
585 2273 665 2330 qnam
689 2258 754 2329 quid
776 2260 925 2330 explicem:

137 2350 200 2406 nori
214 2350 274 2420 quis
288 2350 391 2420 loquar,
401 2360 428 2406 et
438 2350 502 2421 qnid
520 2351 597 2407 robis
609 2350 720 2419 laqaar;
734 2350 827 2405 Divina
842 2351 930 2405 bami-

137 2445 215 2500 nibus
228 2445 308 2499 bomo
319 2445 395 2514 (lsai.
408 2460 480 2509 axrx,
494 2442 552 2513 25).
563 2443 633 2498 Ecce
646 2442 796 2497 annitimini
810 2458 928 2512 mecum,

136 2536 254 2592 laborate
267 2551 383 2604 mecam,
399 2543 430 2591 nt
441 2536 586 2607 quiescatis
598 2550 715 2601 mecam,
729 2543 857 2606 quantum
872 2536 927 2591 ba·

135 2630 224 2685 minus
239 2630 332 2693 donat,
355 2638 485 2701 quantum
510 2631 606 2700 aperit,
631 2640 759 2702 quantum
782 2631 925 2702 significat,

135 2729 265 2790 quantum
278 2721 366 2776 innuit
379 2722 437 2791 ipsa
452 2722 582 2792 sapientia
598 2721 744 2777 ostcndens
756 2737 786 2777 se
799 2722 927 2777 amatari-

134 2815 184 2871 bas
196 2815 252 2870 sais
264 2815 291 2870 in
306 2815 357 2871 aiis
371 2815 504 2882 hilariter,
520 2826 547 2872 ct
564 2817 591 2872 in
607 2819 680 2872 omni
695 2817 862 2888 providentia
877 2832 925 2874 oc·

134 2918 247 2961 currens
259 2905 309 2959 eis.
320 2903 509 2960 Sanctificetur
520 2905 578 2961 dies
592 2906 712 2973 Sabbati,
727 2908 805 2977 quies
817 2908 874 2962 [lei.
885 2906 923 2962 lbi

134 2996 250 3065 prinlum
266 3003 345 3050 sanat
364 2995 550 3061 sanctificatio,
574 3005 705 3066 quantum
727 2996 792 3051 mibi
807 2997 923 3062 ridetur,

134 3096 265 3157 quantum
289 3095 317 3143 et
341 3102 390 3143 ros
413 3088 595 3159 cognoscitis,
621 3100 805 3161 quantumque
834 3089 923 3145 credi·

133 3199 194 3238 mus
215 3179 278 3255 (a).]
302 3179 482 3237 Sanctidcatia
496 3181 568 3235 nulla
583 3179 671 3237 divina
685 3191 712 3237 et
726 3196 789 3237 nera
803 3191 855 3250 est,
872 3183 925 3238 nisi

132 3275 167 3332 ab
180 3274 281 3346 Spiritu
294 3282 398 3330 sancta.
411 3273 469 3328 Nan
484 3274 557 3330 enirn
579 3272 678 3330 frustra
701 3273 789 3330 dictus
803 3281 845 3330 est
858 3289 923 3345 pro·

133 3366 192 3438 prie
206 3365 324 3437 Spiritus
335 3376 461 3432 sanctus;
473 3380 534 3421 cum
547 3366 583 3422 sit
596 3376 623 3422 ct
633 3366 713 3423 Pater
726 3376 845 3436 sanctus,
861 3382 922 3424 cum

131 3459 167 3515 sit
180 3467 207 3514 et
219 3457 302 3514 Filius
313 3468 431 3525 sauctus,
444 3474 541 3515 nomen
553 3468 641 3515 tamen
652 3461 703 3516 lrac
716 3461 853 3531 proprium
862 3460 924 3532 Spi-

133 3551 202 3608 ritus
213 3551 326 3623 aecepit,
343 3559 373 3608 at
386 3553 504 3631 tertiain
519 3553 650 3609 Trinitate
671 3555 789 3610 Persona
807 3554 923 3624 Spiritus

131 3654 240 3701 sarrctus
253 3643 399 3702 dicoretur.
415 3644 474 3716 lpse
490 3647 633 3718 llcqaiercit
655 3664 731 3719 super
752 3647 922 3716 innitemur

129 3737 240 3808 quietum
255 3745 379 3809 tanquam
396 3738 422 3793 in
433 3736 551 3795 Sabbata
563 3753 623 3795 saa.
637 3738 679 3795 Ad
693 3740 744 3795 lrac
752 3739 921 3810 septenarius

130 3845 260 3887 numerus
273 3831 354 3887 etiam
369 3841 463 3887 sancta
477 3831 587 3903 Spiritui
601 3831 754 3903 deputatur.
773 3832 830 3889 llac
844 3831 918 3889 Scri·

128 3933 215 3995 ptura·
227 3932 326 3980 nostras
341 3925 406 3980 satis
419 3924 554 3991 indicant;
570 3926 685 3982 uiderint
698 3926 810 3982 meliora
821 3927 917 3982 melio·

129 4029 183 4081 res,
199 4023 227 4069 et
240 4014 341 4086 majora
355 4015 483 4084 majores,
495 4026 521 4071 et
534 4017 569 4071 de
579 4017 630 4072 isto
642 4016 795 4084 septenaria
806 4031 918 4070 numera

128 4103 253 4157 subtilius
264 4103 376 4172 aliquid,
389 4112 417 4158 et
430 4102 656 4170 diuiniasdicanl‚
667 4114 695 4160 ct
708 4105 853 4173 explicent.
863 4106 918 4175 Ego

128 4203 227 4261 tamen,
243 4194 314 4265 quad
329 4194 355 4248 ln
375 4195 499 4264 praesenti
522 4205 564 4250 sat
578 4205 630 4260 est,
649 4195 714 4252 illud
739 4196 827 4263 rideo,
853 4197 918 4253 illud

127 4302 175 4342 ras
188 4287 221 4343 ad
233 4285 375 4342 videndam
387 4300 581 4353 commemora,
597 4288 776 4357 septenariam
787 4289 864 4343 istam
875 4304 918 4344 ra·

127 4380 227 4434 tionem
251 4378 292 4451 (l)
314 4379 418 4434 numeri
440 4379 549 4448 proprie
563 4389 656 4435 sancta
676 4379 786 4452 Spiritui
801 4381 916 4452 deputa-

129 4479 192 4534 tam,
209 4470 270 4538 quia
295 4467 333 4540 (A)
355 4469 508 4541 septenaria
528 4470 572 4525 die
586 4479 665 4525 sanat
680 4472 865 4528 sanctificatio.
882 4473 918 4528 lit

127 4561 197 4617 urrde
221 4559 366 4632 probamus
390 4571 483 4616 sancto
506 4559 618 4632 Spiritui
643 4560 763 4632 deputari
791 4574 916 4635 septena-

125 4653 191 4708 riam
207 4651 246 4722 (3)
271 4653 504 4707 numerationem?
531 4652 599 4706 llicit
623 4651 705 4706 isaias
719 4654 841 4723 spiritum
866 4656 914 4712 Dei

124 4744 216 4800 reniae
228 4758 310 4814 saper
320 4743 437 4810 lldclem,
449 4761 530 4815 super
539 4744 730 4810 Christianum,
747 4762 827 4818 snper
836 4749 915 4807 Cbri·

124 4838 158 4892 sti
170 4839 320 4894 membrum
335 4837 462 4909 Spiritum
472 4840 614 4908 sapientire,
626 4850 648 4894 et
662 4841 815 4908 intellectus,
831 4844 915 4899 consi·

124 4929 164 4994 lii,
180 4940 203 4985 et
217 4930 384 5001 fortitudinis,
395 4932 517 5000 seientia,
534 4944 557 4988 et
568 4935 677 5002 pietatis,
694 4933 821 5005 Spiritum
840 4938 915 4993 tinta-

124 5021 160 5077 ris
180 5020 229 5075 Dei
253 5020 328 5093 [lsai.
344 5037 381 5090 rr,
397 5021 436 5095 Ξ).
453 5024 493 5094 (ὁ)
517 5022 545 5080 Si
568 5025 652 5080 secati
673 5026 738 5081 estis
751 5036 854 5098 septem
868 5044 914 5086 res

123 5115 290 5186 percucurri,
306 5124 431 5186 tarsqnam
443 5116 652 5174 descendentem
665 5117 699 5173 ad
712 5131 761 5176 nos
783 5120 913 5192 Spiritum

165 5251 191 5309 a)
209 5250 255 5301 lllc
265 5251 398 5302 resumitur
410 5249 484 5302 lectio
495 5253 618 5304 editionis.

166 5310 191 5373 d)
201 5311 226 5362 si
236 5312 312 5364 menti
322 5313 378 5364 eatis
388 5321 478 5383 mntem
489 5315 800 5377 resperrncnrrs'tananam
816 5318 916 5372 dmen-

116 5371 219 5423 'dcntem
236 5373 269 5423 ad
280 5387 322 5426 nas
340 5374 454 5439 spiratiam
473 5376 519 5425 atei
528 5373 639 5440 suppleri
652 5390 684 5428 ex
696 5377 785 5431 dedice
805 5379 912 5446 Execrp.

119 5431 185 5497 Eag.
197 5433 323 5486 manifesta
335 5438 401 5487 enim
413 5444 466 5487 erat
478 5436 570 5487 lacuna.

154 5536 177 5599 (l
204 5535 266 5586 aaa.
279 5540 383 5590 inueniri
397 5546 503 5605 proprio.

165 5598 181 5649 ²
208 5597 448 5662 Editseptimodie.

153 5602 179 5723 (5
204 5660 267 5714 Edit.
281 5666 376 5713 numeri
388 5666 518 5720 rationem.

987 1058 1060 1113 enim
1073 1070 1175 1130 septem
1199 1064 1374 1136 quadraginta
1395 1079 1423 1123 et
1447 1084 1543 1128 nauem
1565 1073 1592 1128 in
1614 1089 1719 1131 summa
1732 1091 1777 1133 rc·

986 1149 1085 1217 denam
1101 1154 1148 1209 sed
1162 1165 1287 1226 tanquam
1309 1169 1338 1214 nt
1359 1160 1485 1218 redeatur
1508 1164 1650 1237 adcapat;
1674 1167 1775 1240 Spiritu

986 1243 1056 1296 cuim
1072 1255 1166 1301 sancto
1177 1248 1211 1302 ad
1226 1249 1356 1306 unitatem
1380 1253 1542 1325 colligimur,
1556 1272 1611 1312 aaa
1625 1259 1660 1315 ab
1674 1261 1775 1318 unitate

984 1332 1177 1405 dispergimur;
1198 1339 1259 1395 ideo
1273 1341 1307 1395 ad
1322 1343 1496 1415 quadraginta
1509 1357 1536 1403 et
1550 1364 1646 1405 nomm
1668 1352 1775 1408 additur

985 1439 1066 1479 unum
1078 1426 1165 1483 bonor
1180 1431 1299 1498 unitatis,
1312 1442 1340 1488 et
1352 1434 1421 1489 stunt
1433 1437 1634 1510 quinquaginta.
1644 1440 1776 1515 Noncrga

982 1516 1037 1585 jam
1051 1518 1110 1574 sine
1121 1534 1202 1577 causa
1217 1523 1443 1595 quinquagesimo
1457 1527 1501 1585 die
1515 1544 1563 1599 per
1579 1534 1775 1592 Asccnsionem

984 1607 1089 1663 [lomim
1102 1611 1175 1666 venit
1189 1612 1305 1682 Spiritus
1316 1626 1426 1672 sanctas
1436 1617 1486 1689 (5).
1498 1619 1623 1693 Resuxgit
1634 1625 1773 1697 Dominus,

982 1699 1104 1755 ascendit
1118 1701 1153 1755 ab
1168 1701 1274 1771 inieris,
1290 1705 1410 1761 nondum
1427 1709 1453 1764 in
1473 1711 1583 1767 coelum.
1599 1714 1641 1771 Ab
1663 1717 1709 1773 iila
1732 1735 1776 1776 rc·

982 1789 1159 1858 surrectione,
1172 1792 1209 1848 ab
1224 1793 1269 1848 iila
1280 1795 1314 1850 ab
1329 1796 1423 1854 inieris
1435 1803 1620 1872 assumptione
1630 1823 1775 1865 numeran-

983 1882 1230 1953 turquinqaaginta
1245 1886 1315 1952 dics,
1337 1898 1365 1944 ct
1386 1891 1460 1946 venit
1480 1892 1597 1964 Spiritus
1617 1908 1726 1955 sanetus
1746 1902 1773 1958 ia

982 1971 1209 2043 quinquagenario
1222 1992 1346 2042 numero,
1362 1987 1488 2052 tanquam
1502 1986 1617 2043 natalem
1635 1989 1686 2044 sibi
1702 1993 1773 2061 apud

982 2075 1031 2115 nas
1044 2061 1154 2118 iaciens.
1169 2063 1349 2137 Quadraginta
1365 2071 1437 2127 caim
1459 2072 1554 2132 diebus
1574 2076 1618 2133 lric
1630 2093 1773 2138 corruersa·

982 2162 1024 2207 tas
1035 2163 1077 2208 est
1092 2154 1220 2212 boninus
1233 2174 1293 2214 cum
1309 2161 1452 2234 [liseipulis
1475 2167 1541 2235 suis,
1566 2170 1770 2242 quadragesima

980 2245 1025 2300 dic
1037 2249 1160 2304 ascendit
1173 2250 1198 2305 in
1211 2252 1321 2319 coelum,
1336 2264 1363 2311 et
1379 2260 1495 2326 peractis
1511 2260 1548 2316 ibi
1560 2261 1652 2319 decern
1666 2266 1772 2330 dielnrs,

981 2347 1105 2408 tanquam
1122 2341 1163 2412 (d)
1175 2343 1268 2400 decern
1284 2358 1478 2418 praeceptorum
1494 2352 1580 2424 signa,
1602 2357 1675 2411 uenit
1687 2358 1772 2430 Spiri-

981 2438 1024 2485 tus
1037 2441 1157 2499 sanctas,
1168 2436 1231 2504 quia
1240 2453 1320 2493 nemo
1332 2440 1425 2510 implet
1437 2443 1523 2515 legem
1534 2446 1584 2501 nisi
1600 2463 1648 2518 per
1658 2452 1770 2519 gratiam

979 2521 1094 2592 Spiritus
1109 2526 1206 2581 sancti.
1227 2525 1330 2599 ltaque,
1356 2530 1463 2600 iratres,
1479 2535 1653 2594 manifestum
1666 2549 1708 2596 est
1729 2557 1773 2598 se·

979 2615 1127 2682 ptenarium
1141 2617 1222 2672 istum
1233 2635 1375 2677 nutrieram
1387 2623 1421 2679 ad
1434 2624 1563 2695 Spiritum
1575 2640 1698 2687 sanctum
1710 2649 1771 2702 per-

979 2706 1074 2762 tinere.
1090 2709 1215 2781 Quisquis
1224 2722 1314 2769 autem
1325 2716 1506 2775 aoncabaerct
1517 2721 1719 2782 anitatiClrristi
1732 2727 1770 2799 (ι)

977 2805 1005 2850 et
1017 2798 1149 2855 oblaterat
1160 2802 1289 2859 aduersus
1304 2806 1432 2864 unitatem
1452 2811 1561 2879 Christi,
1574 2813 1764 2887 intelligendus

977 2899 1019 2944 est
1028 2906 1081 2945 narr
1091 2891 1192 2950 babere
1201 2894 1330 2965 Spiritum
1339 2910 1472 2956 sanctum.
1481 2902 1766 2981 Contentioncsenim,

976 2990 1004 3034 et
1015 2981 1209 3051 dissensiones,
1224 2996 1251 3042 et
1262 2987 1408 3046 divisiones
1422 3006 1475 3048 non
1489 2994 1589 3053 iaciunt
1602 3001 1653 3055 nisi
1665 3003 1769 3058 anima·

978 3070 1027 3136 les,
1042 3071 1190 3142 dequibus
1213 3077 1360 3148 Apostolus
1380 3082 1433 3137 ait:
1447 3083 1572 3142 Animalia
1596 3099 1680 3145 antem
1694 3094 1768 3150 laonia

976 3179 1027 3217 tran
1035 3165 1142 3234 percipit
1154 3183 1212 3237 quae
1223 3181 1284 3225 sunt
1294 3171 1408 3240 Spiritus
1416 3174 1464 3231 Dei
1472 3176 1543 3247 (Gor.
1557 3195 1585 3248 rx,
1598 3182 1655 3252 ll).
1669 3184 1771 3244 Deinde

975 3256 1157 3326 scriptumest
1169 3269 1197 3316 et
1205 3262 1231 3316 in
1240 3261 1361 3333 Epistola
1373 3265 1449 3323 ludae
1459 3273 1572 3340 apastoli
1583 3291 1590 3327 :
1602 3273 1638 3328 Hi
1648 3286 1717 3345 aurat,
1726 3279 1770 3348 qul

974 3360 1107 3420 segregant
1117 3355 1264 3425 semctipsos
1276 3357 1316 3429 (5)
1335 3361 1460 3416 aniartales
1480 3365 1598 3434 spiritum
1610 3384 1661 3424 non
1673 3371 1769 3427 deben-

975 3449 1020 3494 tes.
1033 3440 1102 3508 Quid
1115 3446 1294 3515 manifestius,
1304 3450 1369 3520 quid
1378 3452 1548 3512 evidentius?
1557 3457 1770 3520 bleriloneniant

974 3533 1025 3587 etsi
1039 3535 1133 3591 eadem
1146 3538 1298 3608 credentes,
1313 3557 1373 3612 quae
1387 3559 1446 3612 nos,
1460 3556 1548 3605 tamen
1559 3554 1697 3624 accepturi
1707 3554 1769 3628 Spi-

974 3626 1054 3683 ritum
1072 3638 1205 3698 sanctam,
1228 3648 1308 3704 quem
1330 3634 1430 3693 babere
1446 3654 1498 3696 non
1513 3653 1626 3712 possunt
1638 3647 1767 3717 quamdiu

973 3726 1036 3773 sunt
1049 3718 1139 3776 lrastes
1153 3724 1272 3781 unitatis.
1293 3726 1348 3783 llos
1360 3738 1451 3787 atatem
1465 3744 1606 3805 comparat
1619 3739 1766 3809 Apostolus

972 3805 1055 3879 llagis
1068 3810 1385 3886 Pharaonistllabentes,
1402 3822 1499 3893 inquit,
1520 3825 1630 3896 foranum
1653 3833 1764 3901 pietatis,

970 3898 1016 3952 sed
1023 3900 1138 3956 at'rttttena
1146 3905 1201 3974 eins
1209 3907 1361 3978 abnegantes
1372 3910 1401 3981 (A
1411 3910 1478 3968 l's'm.
1487 3930 1526 3980 ιιι,
1537 3916 1564 3982 5,
1573 3918 1696 3992 namq-l.
1711 3921 1766 3978 lla·

971 3988 1051 4042 lenda
1070 3991 1180 4058 [oratam
1201 3996 1302 4063 pietatis
1325 3998 1418 4053 similia
1440 4004 1563 4072 (acuunt,
1579 4007 1625 4062 sed
1648 4011 1765 4069 virtutem

971 4080 1026 4147 ejus
1039 4081 1189 4152 abnegantes
1204 4086 1243 4156 (6)
1256 4087 1283 4141 r'n
1295 4091 1367 4159 signo
1379 4093 1453 4146 tertia
1466 4093 1620 4166 defecerunt.

1006 4169 1100 4228 xlltl.
1122 4185 1132 4244 p
1139 4175 1192 4232 Sed
1205 4177 1293 4234 adbuc
1306 4183 1420 4252 quarite
1431 4200 1537 4244 mecum
1551 4206 1635 4260 quaro
1648 4195 1674 4251 in
1685 4199 1765 4256 tertio

970 4263 1066 4333 signal
1081 4266 1248 4325 Deleeisseat
1270 4275 1343 4329 enim
1367 4275 1394 4331 ia
1416 4281 1546 4350 secanda,
1562 4284 1723 4347 delecissent
1736 4295 1763 4351 in

969 4367 1076 4425 quarta,
1088 4361 1151 4431 qnid
1166 4363 1280 4420 interest
1293 4366 1338 4425 ubi
1350 4368 1498 4428 delacerent
1509 4375 1656 4435 defecturi?
1674 4382 1763 4450 Quare

970 4464 1035 4522 ergo
1048 4450 1074 4506 in
1085 4455 1164 4509 tertio
1176 4455 1231 4526 (lli
1244 4458 1296 4514 Sed
1309 4462 1385 4531 prius
1395 4464 1484 4521 ridete
1493 4467 1564 4536 quad
1577 4474 1761 4545 promiseram,

970 4551 1060 4598 utrum
1073 4545 1125 4602 illis
1147 4547 1230 4618 llagis
1257 4550 1399 4609 bmretieos
1414 4562 1609 4626 corrrpararerit
1624 4570 1763 4636 apostolus

969 4635 1079 4693 Paulus.
1095 4637 1233 4709 Habentes,
1247 4642 1344 4715 inquit,
1370 4649 1481 4716 [armant
1506 4651 1617 4719 pietatis,
1645 4658 1762 4718 uirtutem

968 4739 1055 4786 autent
1075 4733 1131 4802 ejus
1150 4735 1312 4804 abnegantes,
1336 4747 1360 4792 et
1374 4738 1421 4793 iras
1440 4741 1516 4797 coita.
1537 4742 1580 4801 Ea
1593 4748 1704 4806 diseunt
1717 4757 1761 4824 quii

969 4889 1213 5015 ceila)b'{²cee⁰rbg}?.m
1228 4891 1344 4944 admenta
1359 4895 1472 4948 tammum
1491 4897 1580 4952 cbristt'
1594 4903 1705 4966 suppleri
1726 4919 1756 4957 ex

1000 5011 1036 5076 (b)
1048 5014 1101 5064 llac
1112 5014 1283 5087 explanatione
1294 5016 1439 5083 frequenter
1450 5022 1563 5085 abrupta,
1572 5023 1676 5076 lactasse
1685 5029 1758 5079 etiam

968 5072 1088 5138 longlare,
1102 5080 1280 5139 genuimtatem
1298 5078 1424 5131 Sermonis
1435 5096 1483 5131 nun
1495 5083 1607 5135 hebetari
1625 5085 1759 5150 Augustini

967 5135 1100 5188 familiares
1118 5145 1255 5200 adamant,
1270 5148 1314 5192 aut
1331 5141 1418 5192 saltem
1437 5143 1604 5206 praelationem
1614 5145 1707 5201 Erasmi
1728 5151 1758 5202 sd

967 5198 1099 5262 Augustini
1115 5214 1191 5265 ariera
1201 5199 1326 5265 legentes.

1011 5307 1023 5357 l
1048 5306 1182 5358 Editbei.

999 5307 1026 5430 (2
1049 5369 1111 5419 Tob.
1123 5369 1147 5418 2.
1160 5371 1184 5418 l.
1193 5370 1263 5431 juxta
1272 5368 1356 5419 Italam
1368 5377 1422 5432 past
1435 5372 1592 5436 septuaginta
1603 5375 1698 5442 interpr

1011 5433 1026 5480 5
1050 5430 1114 5481 odd.
1135 5432 1281 5481 resurrexit.

1011 5493 1025 5540 l
1048 5491 1219 5542 tedindemmo
1246 5505 1310 5542 raece
1327 5497 1437 5546 terami
1471 5511 1495 5547 a.

1011 5555 1026 5604 5
1058 5551 1121 5603 edd.
1134 5552 1204 5603 addit
1224 5505 1421 5615 dispergentem
1447 5560 1594 5626 aqucbatur)
1611 5563 1636 5615 bi
1647 5572 1756 5634 suntqui

968 5622 1102 5745 wffllffffil
1120 5622 1274 5686 seatetrpsos.
1288 5616 1359 5669 artdoe
1371 5619 1393 5669 l.
1407 5621 1445 5672 19.

1011 5680 1038 5741 tl)
1050 5677 1114 5730 Edu.
1126 5689 1169 5741 qur
1185 5689 1231 5743 pro
1245 5679 1279 5727 ln.
