3854 6128
151 223 203 282 877

151 338 217 396 Ecce
238 354 283 394 uos
305 338 445 393 dimisimus
467 328 562 392 orrruiu.
577 336 645 406 Quid
673 337 806 400 dimisisti,
834 335 937 390 Pctrc?

149 428 235 488 iiuam
249 430 410 496 naviculam,
427 437 455 485 et
469 445 548 485 unum
561 428 640 484 rete?
653 428 836 498 desponderet
849 425 913 481 milri
931 443 937 480 :

150 521 246 578 'Fatum
261 522 388 577 mundum
404 522 505 585 dimisi,
531 522 576 592 qni
601 519 666 576 milti
682 520 747 574 nibil
761 518 860 573 dimisi.
876 517 939 572 0ru·

149 613 222 671 nium
240 624 399 685 paupertas,
414 613 505 674 idest,
530 612 648 667 omnium
663 623 828 680 pauperum,
843 620 938 677 parvas

149 706 229 764 babet
240 707 396 772 facultates,
411 704 458 761 sed
472 719 582 776 magnas
597 704 677 759 babet
691 701 859 770 cupiditates.
876 698 936 755 Non

115 814 117 818 ⁴
147 800 261 855 attendit
285 800 364 865 licus,
378 798 441 868 quid
457 797 563 864 lrabeat,
580 796 626 851 sed
637 796 701 866 qnid
716 795 792 849 sciit.
809 792 936 846 Voluntas

145 890 290 961 judicatur,
306 906 366 962 quac
381 891 415 945 ab
430 890 485 952 ilie,
501 889 545 959 qni
573 901 625 942 uon
638 885 752 950 ridetur,
767 882 937 939 invisibiliter

146 974 340 1055 perscrutatur.
365 984 434 1051 Ergo
455 980 544 1035 omnin
573 979 742 1044 dimiserunt,
771 986 798 1031 et
826 989 936 1046 prorsus

148 1082 233 1130 toturn
248 1074 374 1130 mundum
389 1073 558 1134 dimiserunt,
573 1071 634 1140 quia
651 1067 779 1141 quidquid
793 1067 936 1138 sperabant

145 1166 174 1222 in
190 1166 240 1222 boc
264 1166 363 1221 mundo
386 1171 602 1237 amputaverunt,
625 1173 739 1227 etcum,
753 1176 767 1215 a
783 1174 836 1231 quo
851 1158 935 1214 iactus

145 1266 188 1313 cst
201 1258 327 1320 mundus,
343 1259 428 1313 secuti
442 1265 513 1322 suut,
528 1258 586 1326 ejus
598 1255 738 1324 promissis
751 1254 932 1318 erediderunt,

144 1357 172 1405 ct
186 1359 277 1419 postea
291 1349 366 1403 multi
384 1348 435 1401 boc
450 1346 578 1402 iecerunt.
607 1345 639 1399 Et
652 1345 747 1399 mirum
771 1353 822 1409 est,
837 1342 933 1397 iratres

144 1441 207 1506 mei,
224 1441 268 1511 qui
286 1439 336 1494 boc
351 1438 434 1495 iecit?
449 1438 500 1505 ipsi
514 1437 564 1492 boe
579 1436 712 1502 iecerunt,
733 1436 777 1506 qui
792 1435 933 1489 bominum

143 1530 309 1586 oeciderunt.
340 1529 376 1584 lbi
399 1530 425 1584 in
440 1529 602 1593 ierusalem,
618 1542 679 1582 cum
696 1527 823 1581 Dominus
835 1539 931 1580 ascen·

142 1619 226 1674 disset
241 1624 267 1675 in
280 1621 389 1684 roelum,
414 1629 441 1674 et
465 1628 525 1690 post
549 1619 643 1674 decem
657 1617 715 1673 dies
728 1618 811 1672 misso
832 1615 932 1686 Spiritu

144 1721 239 1765 sancto
265 1711 389 1780 impleret
403 1710 573 1778 promissmn,
599 1709 700 1779 impleti
717 1709 816 1780 Spiritu
840 1718 932 1763 sancto

142 1799 270 1869 Discipuli
288 1801 383 1872 tinguis
399 1799 804 1870 omniumgentiumiucutisunt
815 1796 929 1868 (Aetati.

142 1889 217 1946 'lune
230 1892 370 1948 audientes
385 1893 460 1949 multi
475 1892 571 1959 indari,
588 1893 632 1963 qui
653 1901 729 1947 erant
754 1891 780 1946 in
794 1891 932 1962 ierosoly-

142 1982 202 2047 mis,
217 1993 244 2039 et
257 1994 464 2054 expavescentes
476 1983 575 2038 donum
586 1984 678 2054 gratim
689 1982 834 2039 Sairatoris
847 2025 855 2049 ,
869 1997 930 2037 cunr

141 2074 312 2141 mirarentur,
328 2084 355 2131 et
369 2083 508 2145 stupentes
525 2075 690 2145 ambigerent
701 2075 772 2129 iuter
785 2089 832 2138 se,
858 2074 929 2129 unde

140 2164 204 2221 illud
217 2174 299 2233 esset,
311 2175 472 2236 aeceperunt
486 2181 644 2234 responsum
658 2165 691 2219 ab
702 2164 847 2232 Apostolis
860 2163 930 2234 qnod

140 2257 185 2314 ille
199 2258 248 2315 boc
256 2259 409 2330 praetiterit
421 2258 521 2328 Spiritu
533 2273 593 2325 suo,
604 2272 683 2328 quem
699 2257 748 2327 ipsi
763 2255 927 2320 oeciderunt,

140 2358 168 2405 et
179 2351 319 2405 eonsilium
334 2350 426 2404 salutis
437 2350 612 2419 quesierunt.
630 2349 843 2418 Desperavcrant
856 2347 928 2401 enirn

139 2449 228 2497 etnou
240 2441 436 2495 arbitrabantur
448 2454 526 2509 pesse
539 2439 589 2495 sibi
603 2438 698 2495 denari
713 2448 815 2492 tautum
830 2437 928 2506 scelus,

140 2532 186 2601 qui
203 2532 343 2586 Deruinum
356 2531 488 2586 universas
511 2539 642 2585 creatura·
656 2530 819 2585 occiderunt.
837 2527 872 2582 Et
885 2542 929 2583 ac-

138 2631 269 2691 ceperunt
299 2621 508 2677 consolationem
521 2621 555 2675 ab
569 2620 715 2690 apostolis.
732 2619 867 2675 Proruissa
880 2634 928 2674 re-

138 2714 193 2781 nia,
208 2715 340 2785 promissa
352 2715 509 2783 impunitate
521 2713 702 2781 crediderunt,
716 2725 744 2769 et
757 2714 858 2778 omnia,
869 2727 929 2783 quaa

138 2804 271 2862 habebant
283 2848 290 2872 ,
303 2805 459 2870 rendentes,
476 2806 559 2876 pretia
572 2820 664 2862 rerum
677 2820 786 2860 suarum
799 2803 832 2860 ad
846 2803 928 2874 pedes

137 2899 326 2968 Apostolorum
353 2908 507 2966 posuerunt,
531 2906 631 2967 quarite
658 2897 717 2966 pius
739 2895 837 2960 territi,
855 2904 929 2950 tanto

121 2987 223 3058 ’magis
238 2988 310 3042 boni.
325 2987 408 3055 liajor
425 2987 503 3041 timor
517 2986 631 3042 extersit
644 2984 764 3042 delicias.
791 2984 929 3039 Fecerunt

139 3080 193 3136 lroc
218 3081 265 3147 ilii,
281 3079 326 3148 qui
352 3070 493 3133 bertuinum
508 3076 683 3142 occiderunt;
699 3075 820 3131 iecerunt
835 3085 927 3145 postca

138 3173 225 3238 inuiti,
239 3181 267 3228 et
281 3173 380 3227 iaciunt
403 3171 491 3227 multi.
505 3169 644 3236 Novimus,
657 3168 779 3239 exempla
794 3168 927 3238 conspici·

138 3276 206 3328 tuus,
233 3263 259 3316 iu
285 3263 376 3316 turultis
397 3261 577 3325 consolamur,
603 3260 629 3314 in
645 3259 736 3315 multis
750 3258 926 3325 delectamur,

136 3355 197 3425 quia
213 3353 322 3408 uerbum
340 3353 389 3407 liei
413 3366 465 3406 non
491 3360 566 3406 vacat
579 3351 606 3405 in
620 3349 670 3414 eiu,
684 3350 729 3420 qui
746 3349 859 3406 irdeiiter
880 3364 927 3406 au·

136 3443 222 3498 diunt.
246 3442 298 3497 Sed
311 3443 393 3512 aliqui
406 3457 460 3497 non
478 3441 607 3507 iecerunt,
628 3449 656 3496 ct
669 3441 793 3496 veniente
808 3455 928 3511 persecu·

137 3535 209 3591 tione
232 3533 335 3602 probati
349 3533 434 3587 surrti
448 3532 514 3600 Quia
530 3532 672 3588 utebantur
683 3532 782 3587 mundo
797 3530 927 3601 Tanquam

137 3639 190 3681 surr
203 3633 310 3679 utrum.
326 3623 385 3678 Non
400 3623 498 3693 plebeii
512 3623 611 3691 selum,
627 3637 680 3678 non
693 3623 855 3694 quicumque
865 3623 927 3694 opi·

137 3715 212 3784 irees,
224 3731 277 3773 non
291 3731 434 3787 pauperes,
455 3731 509 3770 non
532 3717 618 3786 egeni,
634 3731 686 3771 non
703 3716 862 3783 mediocres,
879 3715 926 3772 sed

136 3810 211 3866 multi
238 3810 317 3865 ctiaru
334 3811 421 3880 magui
445 3809 563 3873 diuites,
591 3816 741 3874 senatores,
770 3806 927 3863 clarissimae

136 3901 216 3957 etiam
231 3900 346 3958 ioeruirte
361 3900 486 3956 veniente
509 3899 695 3971 persecutione
723 3900 846 3956 carnibus
871 3898 926 3955 suis

135 3992 364 4058 rcnurrtiarcrunt,
379 4001 407 4047 ut
419 3993 512 4046 turrim
525 3989 694 4062 perimerent,
714 3998 742 4045 et
756 3989 926 4057 simplicitate

135 4078 300 4136 tortitudinis
320 4089 399 4150 atque
422 4081 529 4148 pietatis
541 4079 673 4149 duplicem
687 4095 719 4134 ac
730 4078 852 4134 fallacem
866 4078 926 4133 dia·

136 4172 384 4231 botunviueereut.

172 4263 204 4318 i.
221 4264 445 4334 uxtrorrsrrserqe
456 4261 489 4318 ad
498 4261 654 4335 martyrium
666 4261 925 4317 bominusCltristus

136 4355 261 4413 omnibus
272 4357 359 4412 dixit:
374 4356 430 4421 Sic,
444 4357 487 4427 qui
510 4371 561 4410 uott
584 4354 710 4410 rettuuriut
729 4354 856 4419 orrrniiua,
869 4367 927 4421 qum

136 4457 197 4503 uuirt
215 4451 282 4514 ejus,
296 4464 346 4502 uou
371 4457 516 4516 potestesse
536 4463 605 4501 uteru
619 4446 768 4515 disciputus.
788 4445 925 4514 interrogo

138 4553 202 4610 erqo
215 4548 252 4604 tc,
267 4555 284 4592 e
297 4539 385 4593 anima
404 4537 568 4592 christiana?
583 4536 610 4592 Si
623 4537 669 4591 tibi
681 4536 780 4604 dicam,
796 4535 867 4607 quod
883 4535 924 4591 di-

137 4639 211 4687 ctunt
224 4640 265 4686 cst
276 4630 351 4685 diuiti
367 4648 374 4684 ι
395 4628 473 4695 Vnde,
490 4630 569 4694 ucude
590 4638 615 4685 ct
634 4638 659 4682 tu
672 4629 758 4682 utttuitr
771 4639 824 4692 tue,
842 4637 866 4682 et
878 4629 926 4682 itu·

134 4722 207 4785 debit
225 4723 372 4778 tiresuurmu
392 4724 419 4776 iu
435 4721 515 4786 reio,
541 4729 564 4774 et
581 4720 655 4784 ueui,
679 4734 780 4788 sequere
792 4718 926 4773 Christum

139 4813 246 4887 (distri.
264 4829 319 4878 ιιι,
343 4811 383 4884 2),
409 4813 478 4867 lorte
503 4819 530 4866 et
556 4818 584 4866 tu
608 4809 691 4864 tristis
715 4807 867 4865 abscedes?
884 4807 928 4864 Sic

138 4909 209 4964 enirn
225 4917 253 4964 ct
264 4907 309 4962 iiie
319 4906 426 4977 juvenis
438 4905 522 4961 tristis
532 4904 671 4960 abscessit.
688 4903 788 4958 'iarncn
802 4903 852 4957 ista
866 4917 928 4959 rer·

138 4998 172 5057 ba
196 5014 249 5052 non
273 5006 361 5067 potest
383 4997 476 5052 audire
495 4996 546 5051 nisi
568 4993 747 5050 Christianus.
770 4992 925 5063 Numquid,

137 5087 245 5161 quande
261 5087 358 5142 lectum
383 5095 424 5142 est
435 5086 619 5157 Evaugciium
649 5084 758 5154 potuisti
774 5084 820 5137 tibi
835 5092 926 5138 contra

138 5183 251 5239 salutern
267 5189 338 5234 tuam
351 5194 430 5234 aures
442 5178 588 5235 claudere?
610 5177 714 5233 Audisti
731 5195 737 5230 :
753 5175 801 5245 Qui
821 5193 871 5231 uou
885 5193 927 5230 rc·

138 5276 240 5330 nuutict
254 5272 384 5335 outuiiut,
398 5285 455 5342 quoe
468 5280 528 5325 suut
547 5272 613 5342 ejus,
628 5286 680 5323 uon
694 5276 773 5337 petest
787 5285 857 5323 meua
875 5284 928 5322 erse

139 5364 292 5433 discipuius.
304 5362 397 5434 sepita
412 5360 482 5431 apud
507 5371 531 5415 te
547 5361 632 5429 ipsum
647 5357 767 5415 :Fidelis
782 5359 867 5414 iricius
886 5373 925 5422 cs,

138 5456 288 5528 buprtzuus
309 5471 349 5524 es,
365 5451 513 5512 credidisti.
529 5451 681 5506 Facultates
702 5460 760 5506 tuas
785 5466 837 5505 uon
853 5450 929 5505 dimi-

139 5546 210 5612 sisti,
225 5546 273 5601 sed
285 5547 363 5602 iidem
379 5556 450 5603 tuam
463 5546 607 5614 interrogo.
620 5541 759 5607 Quomodo
773 5541 930 5598 credidisti?

141 5634 213 5699 Cres
224 5637 298 5694 venit
310 5640 456 5713 periculum
468 5637 539 5696 ildei.
556 5633 658 5709 Dicitur
672 5634 718 5692 tibi
731 5651 739 5692 r
752 5633 780 5694 st
793 5635 925 5717 persistis,

504 220 618 279 suttuo
635 219 716 288 xult,
738 218 770 276 iN
789 215 1029 277 sotuumtultu
1048 217 1097 274 SS.
1119 221 1398 282 lleilABAEORUii.

1728 231 1780 290 878

995 335 1068 398 tolio,
1082 338 1153 408 quod
1165 338 1255 396 babes.
1267 343 1392 398 ilnimmn
1406 352 1479 400 tuum
1495 347 1639 417 interrogo.
1656 348 1685 404 Si
1709 349 1779 406 dicis

992 423 1019 478 in
1032 427 1120 481 aniuro
1136 439 1200 484 tuo:
1216 430 1312 497 Tollat,
1327 435 1397 503 qnod
1412 435 1508 501 babeo,
1524 436 1604 493 iidem
1618 453 1672 494 ttort
1687 439 1780 495 dimitb

992 515 1035 570 to!
1050 527 1077 572 et
1091 525 1175 584 tenes,
1197 531 1225 576 et
1238 525 1403 581 rerurruiusti.
1419 528 1484 594 eriu
1499 539 1583 594 tenes,
1599 545 1652 585 uon
1667 534 1778 588 teucris.

990 607 1048 664 lion
1061 621 1102 666 est
1116 616 1186 669 enim
1209 617 1306 670 malum
1322 627 1422 674 tenere.
1437 621 1532 676 Teneri
1547 623 1710 680 estmaium.
1726 625 1780 681 Sed

990 696 1067 756 deest
1079 704 1240 771 persecutio,
1253 716 1280 761 ct
1295 724 1347 763 non
1361 720 1410 774 est,
1426 713 1560 780 quontodo
1574 716 1680 783 prebes,
1705 717 1778 786 quod

991 794 1103 851 Domino
1119 798 1283 867 promisisti?
1296 801 1404 870 Negotia
1430 804 1580 874 ‹prrotidiana
1597 807 1710 877 probant
1729 809 1779 864 bo-

989 887 1085 942 mines.
1101 887 1168 956 Quid
1190 890 1211 943 si
1237 892 1307 945 eninr
1323 893 1475 962 aliqnando,
1492 896 1593 964 nescio,
1610 898 1670 966 quis
1696 907 1721 953 te
1745 900 1780 954 ad

988 977 1084 1033 ialsrrm
1100 980 1280 1035 testimouium
1294 993 1380 1050 uocet,
1406 992 1433 1039 et
1452 985 1488 1040 sit
1508 995 1612 1055 potens,
1635 988 1680 1057 qui
1694 989 1779 1058 possit

989 1067 1076 1123 timeri
1100 1083 1149 1138 pro
1163 1079 1294 1140 tempore,
1318 1085 1355 1139 et,
1371 1074 1393 1127 si
1415 1074 1493 1129 inerit
1514 1077 1711 1142 comminatus,
1728 1095 1777 1148 pro

988 1170 1108 1232 tempore
1123 1164 1204 1233 possit
1218 1180 1325 1228 nocere.
1342 1175 1369 1220 et
1382 1167 1541 1235 persuadeat
1554 1169 1601 1223 tibi
1624 1169 1715 1226 dicere
1728 1170 1778 1226 iai·

987 1268 1046 1308 sum
1070 1255 1273 1310 testimonium?
1287 1256 1345 1310 Non
1367 1256 1412 1310 tibi
1432 1260 1497 1312 dicit
1512 1277 1519 1313 :
1535 1258 1605 1330 Nega
1620 1261 1776 1322 Christum:

986 1344 1019 1399 ad
1034 1343 1086 1399 ltoc
1107 1355 1131 1401 ιε
1146 1347 1217 1400 enirn
1235 1356 1261 1399 tn
1273 1347 1451 1417 praeparabas.
1468 1349 1528 1404 Alio
1544 1351 1623 1405 modo
1643 1351 1779 1421 subrepsit

986 1434 1082 1505 duplex
1098 1435 1154 1501 ille,
1171 1436 1203 1491 ad
1217 1437 1286 1507 quod
1304 1453 1356 1492 non
1372 1439 1555 1506 meditabaris,
1571 1441 1643 1510 quod
1660 1440 1707 1496 tibi
1722 1458 1776 1498 noa

986 1526 1165 1597 proponebas.
1182 1528 1238 1593 Die,
1255 1529 1350 1601 inquit,
1361 1529 1459 1585 iulsurn
1475 1533 1667 1587 testimouium.
1681 1532 1709 1590 Si
1721 1550 1776 1590 non

985 1616 1095 1683 dixeris,
1107 1617 1201 1673 inciam
1211 1619 1272 1686 boc,
1287 1629 1315 1674 et
1324 1621 1401 1676 illud.
1413 1622 1527 1676 llinatur
1541 1625 1774 1693 proscriptionem,

985 1709 1103 1764 minatur
1117 1720 1241 1766 mortem.
1256 1710 1294 1765 ibi
1317 1720 1342 1767 te
1355 1713 1448 1781 proba,
1470 1713 1505 1767 ibi
1521 1724 1548 1770 te
1562 1716 1681 1771 attende.
1704 1717 1776 1772 uteie

984 1797 1079 1854 iaisrrm
1096 1799 1300 1855 testimonium?
1319 1802 1448 1857 Dimisisti
1461 1803 1596 1860 Cirristum
1611 1848 1618 1871 ,
1632 1808 1694 1877 quia
1716 1809 1774 1879 ipse

984 1886 1135 1959 dixit:qu
1159 1907 1214 1945 sum
1236 1894 1328 1947 ueritus
1343 1891 1431 1964 (ioan.
1448 1909 1503 1961 ιιι,
1520 1892 1559 1966 6).
1575 1896 1683 1951 Falsum
1700 1899 1775 1953 testi·

985 1982 1104 2037 monium
1118 1982 1223 2048 utristi,
1236 1993 1328 2038 contra
1350 1986 1490 2040 ueritatem
1506 1984 1603 2048 iecisti,
1617 2002 1682 2058 erqo
1696 1985 1773 2043 Citri-

983 2080 1054 2127 stum
1067 2071 1202 2127 dimisisti.
1216 2073 1318 2143 thuid
1330 2074 1376 2129 tibi
1389 2075 1433 2130 ille
1445 2073 1564 2131 facturus
1574 2085 1631 2131 erat
1644 2078 1773 2133 urinando

985 2164 1227 2233 proscriptionem?
1241 2163 1348 2234 inopem
1365 2165 1624 2235 redditurumiQuid
1635 2167 1680 2222 tibi
1693 2168 1772 2225 dces·

983 2262 1033 2319 set,
1050 2269 1110 2309 cum
1124 2270 1178 2325 quo
1192 2257 1262 2311 Deus
1272 2256 1365 2312 esset?
1378 2256 1432 2313 Srd
1447 2258 1506 2327 pius
1522 2259 1684 2314 minabatur.
1699 2259 1768 2328 Quid

983 2351 1026 2400 est
1039 2345 1125 2415 ipsum
1147 2344 1207 2416 pius
1217 2346 1229 2398 ‘i
1241 2345 1397 2402 Occisurum
1414 2357 1439 2403 tc
1463 2347 1625 2404 minabatur.
1640 2349 1768 2405 Carnem.

982 2434 1115 2507 Numquid
1138 2437 1272 2493 smirnam?
1288 2439 1356 2507 Quid
1382 2440 1427 2496 ille
1453 2440 1617 2505 minabatur,
1642 2441 1768 2496 attendis
1869 2463 1877 2473 ·

982 2526 1050 2595 Quid
1071 2537 1099 2582 tu
1121 2527 1221 2593 iacias,
1242 2546 1295 2585 non
1311 2530 1445 2585 attendis?
1460 2530 1506 2586 llle
1520 2545 1629 2587 carnem
1648 2532 1771 2587 occidere

981 2620 1169 2676 comminatur.
1186 2621 1220 2675 Os
1240 2631 1334 2688 autem,
1354 2623 1421 2690 qued
1448 2624 1577 2690 urcutitur,
1598 2625 1689 2678 occidit
1714 2626 1772 2679 rmi-
1804 2679 1807 2689 ,

981 2729 1049 2767 mam
1064 2712 1173 2786 (Sept,
1189 2714 1317 2786 tt).1tr0
1335 2716 1410 2781 estis,
1426 2714 1561 2780 iuimicus,
1576 2724 1604 2770 et
1618 2725 1645 2769 ιιι
1658 2730 1666 2780 ;
1681 2725 1770 2770 tamen

980 2816 1008 2863 et
1022 2807 1068 2863 iiic
1088 2807 1183 2875 bomo,
1204 2819 1232 2862 ut
1254 2820 1291 2862 tu.
1307 2807 1395 2862 Ambo
1409 2803 1598 2877 corruptibiles
1621 2809 1770 2864 secuudum

980 2914 1097 2964 curnem,
1113 2900 1193 2955 ambo
1207 2899 1371 2954 immortales
1380 2899 1525 2955 secuudum
1545 2901 1673 2966 animaru,
1687 2898 1767 2956 ambo

980 3004 1030 3061 pre
1056 2999 1177 3060 tempere
1192 2989 1348 3056 transituri,
1363 2999 1390 3045 et
1406 2991 1432 3043 in
1453 2989 1502 3045 bac
1525 3000 1596 3045 terra
1612 2992 1730 3060 bospites
1743 3002 1771 3047 ct

980 3080 1124 3152 peregrini.
1136 3080 1250 3136 liinatur
1265 3081 1309 3135 iile
1322 3092 1448 3145 mortem,
1458 3082 1591 3149 nesciens,
1604 3093 1692 3136 utrum
1706 3095 1769 3139 ante

979 3173 1122 3240 moriatur,
1143 3189 1222 3244 quarn
1243 3173 1368 3243 implent,
1381 3173 1452 3243 quod
1469 3176 1602 3233 minatur:
1616 3175 1664 3230 sed
1681 3186 1768 3231 tautcu

980 3275 1053 3336 puta,
1069 3266 1130 3335 quia
1149 3273 1187 3328 et,
1202 3265 1273 3335 quod
1287 3265 1414 3330 minatur,
1427 3265 1555 3334 irupicat;
1573 3265 1688 3321 discutio
1709 3282 1768 3333 rus,

979 3357 1132 3418 rideamus,
1155 3359 1214 3429 quis
1238 3359 1272 3412 sit
1285 3359 1331 3413 tibi
1356 3358 1430 3428 peior
1444 3357 1579 3425 iniurictts,
1600 3367 1688 3413 utrum
1712 3358 1768 3422 iile,

979 3461 1014 3504 an
1025 3456 1064 3503 tu.
1075 3448 1180 3503 Prolcrt
1193 3448 1238 3504 iile
1247 3447 1408 3504 machaeram
1419 3449 1453 3504 ad
1469 3448 1642 3506 occidendam
1658 3464 1767 3505 carnem

980 3547 1070 3611 mam,
1087 3539 1190 3611 proicrs
1211 3551 1238 3595 ιιι
1269 3539 1363 3596 laisum
1382 3541 1500 3611 linguam
1524 3541 1557 3595 ad
1587 3540 1770 3597 trucidandam

979 3629 1095 3686 animaru
1108 3640 1189 3686 tuam.
1205 3631 1270 3701 Quis
1282 3631 1386 3703 gladius
1400 3631 1440 3703 (u)
1454 3631 1679 3702 percussitiQuis
1695 3631 1771 3702 pejus

980 3721 1096 3777 occidit?
1109 3723 1173 3790 Quis
1190 3722 1302 3778 interius
1317 3722 1485 3793 penetrarit?
1497 3722 1543 3776 llic
1556 3737 1640 3793 usque
1652 3722 1686 3777 ad
1696 3736 1769 3787 ossa,

979 3810 1118 3883 ilicesque
1132 3813 1165 3867 ad
1178 3812 1293 3878 uiscera,
1314 3822 1340 3867 tu
1356 3811 1486 3882 usquead
1506 3827 1564 3868 eor.
1579 3811 1650 3867 Nitril
1663 3812 1709 3866 tibi
1726 3813 1766 3866 in-

980 3908 1082 3974 tegrum
1106 3902 1249 3969 dimisisti,
1268 3902 1374 3972 quando
1397 3918 1445 3957 cor
1457 3912 1531 3956 tuum
1547 3901 1697 3970 perdidisti.
1717 3901 1768 3963 Or,

979 3997 1047 4064 quod
1066 3995 1196 4060 mentitur,
1215 3995 1315 4058 occidit,
1332 3993 1409 4058 dixit,
1433 4008 1486 4047 non
1508 4004 1628 4056 carnem,
1642 3990 1690 4046 sed
1705 3991 1767 4045 riui·

979 4098 1057 4136 muru.

1015 4173 1060 4227 lii.
1084 4172 1158 4228 Talia
1174 4172 1402 4244 suntquotidiaua
1431 4181 1594 4228 tentamenta
1618 4171 1766 4229 bominum.

979 4262 1091 4331 Quando
1104 4273 1212 4317 ueniunt
1229 4263 1307 4318 inerit
1321 4263 1355 4318 ad
1375 4263 1552 4334 iniquitatem,
1577 4273 1605 4318 ut
1622 4273 1668 4319 ant
1686 4265 1767 4320 iacias

981 4353 1159 4424 iniquitatem,
1180 4364 1226 4409 aut
1241 4356 1351 4424 patiaris
1364 4370 1405 4418 ea,
1420 4371 1480 4426 qua)¹
1494 4356 1609 4410 uoluerit
1626 4355 1696 4410 Deus
1710 4361 1765 4428 pati

980 4460 1029 4517 pro
1050 4455 1192 4517 tempore,
1218 4447 1253 4502 ibi
1279 4447 1333 4518 iam
1353 4447 1461 4502 attende
1475 4448 1608 4518 duplicem
1625 4436 1716 4509 iilum,
1733 4445 1768 4500 ibi

977 4537 1033 4608 jam
1048 4537 1155 4593 attende
1169 4548 1291 4608 sumptus
1305 4539 1387 4594 turris
1401 4538 1484 4594 illius.
1499 4539 1551 4595 Sed
1564 4539 1706 4610 cogitando
1721 4537 1769 4592 de·

981 4627 1049 4685 icis.
1068 4628 1162 4683 lrrroca
1176 4643 1247 4692 cunr,
1267 4628 1311 4698 qui
1334 4628 1424 4699 jussit.
1440 4628 1553 4699 adjuvet
1572 4629 1647 4700 iussa
1667 4644 1713 4683 sua
1739 4631 1768 4684 in

981 4730 1018 4789 te,
1031 4730 1058 4774 ct
1070 4719 1162 4775 reddet
1171 4719 1218 4774 tibi
1230 4719 1360 4790 promissa
1371 4734 1417 4773 sna
1432 4736 1466 4775 ει
1479 4735 1518 4776 sc.
1532 4719 1600 4788 Quid
1610 4721 1680 4777 eninr
1691 4721 1769 4776 nubis

981 4812 1113 4884 promittit
1124 4811 1212 4866 lieris?
1227 4811 1334 4867 Fratres
1347 4814 1416 4869 mei!
1431 4811 1499 4883 Quid
1509 4814 1608 4884 dicam,
1621 4826 1651 4870 ut
1663 4815 1771 4870 deside·
1831 4854 1838 4860 -

981 4917 1071 4959 remus
1096 4902 1184 4956 iilud?
1205 4902 1273 4968 Quid
1288 4903 1374 4958 diram
1386 4905 1398 4957 ‘i
1411 4906 1511 4960 burum
1535 4905 1596 4961 esti
1620 4905 1768 4973 Argentum

981 4994 1041 5050 est?
1056 4992 1160 5048 Praedia
1168 4994 1250 5047 suut?
1263 4994 1384 5050 lionores
1398 4997 1480 5050 sunt?
1496 4994 1629 5065 Quidquid
1645 4994 1769 5047 novimus

982 5083 1009 5139 in
1023 5094 1103 5148 terra,
1116 5086 1174 5140 cst?
1186 5084 1243 5141 vite
1258 5095 1309 5142 est.
1327 5086 1401 5152 Quod
1415 5085 1503 5141 ocuius
1516 5101 1567 5138 nou
1581 5084 1652 5148 uidit,
1665 5100 1709 5137 uec
1719 5101 1769 5136 uu·

981 5175 1018 5232 rit
1030 5175 1136 5242 audiuit,
1151 5193 1196 5231 uer
1207 5179 1234 5231 itt
1249 5194 1292 5232 cor
1303 5178 1413 5231 iromiuir
1423 5176 1547 5241 usceudit,
1561 5190 1619 5245 que
1632 5190 1767 5245 prepare·

981 5266 1016 5320 uit
1031 5266 1099 5322 Deus
1112 5267 1275 5339 diliqrruiims
1289 5284 1316 5320 re
1337 5266 1363 5334 (l
1378 5265 1438 5321 Cer.
1462 5282 1492 5333 rr,
1504 5265 1545 5336 9).
1559 5266 1680 5320 Breviter
1694 5263 1767 5330 dico,

981 5372 1035 5412 non
1050 5361 1179 5428 promissa
1195 5374 1260 5423 sua,
1284 5359 1332 5414 sed
1347 5374 1387 5414 sc.
1409 5359 1491 5428 ltrjru
1509 5369 1549 5415 est
1563 5359 1698 5421 omuibus,
1722 5360 1768 5428 qni

982 5446 1046 5505 iecit
1067 5453 1166 5506 omnia.
1196 5451 1335 5506 Puielrrier
1349 5458 1390 5507 est
1409 5451 1548 5519 omnibus,
1577 5452 1622 5524 qui
1643 5450 1766 5508 formauit

1014 5645 1051 5714 (u)
1068 5643 1430 5714 liideturexcidissetpbrtius.
1502 5723 1507 5732 .
1540 5711 1545 5718 ,
1586 5714 1591 5721 ,
