3854 6128
152 175 205 239 sis

153 297 253 369 Pater}
265 295 382 367 Superas
393 294 555 373 cogitatione
568 297 792 371 terram,eaelum,
807 296 935 369 Angelos,

152 390 274 456 visibilia,
286 388 438 456 invisibilia,
447 389 600 444 universam
611 399 772 459 ereaturam,
783 400 811 448 et
824 391 940 467 queris:

152 484 191 539 Ex
205 498 258 556 quo
278 482 359 555 eoepit
379 481 476 537 Pater?
499 480 557 536 Non
578 482 617 539 sie
648 492 806 553 quaeruntur
827 492 937 543 aeterna.

150 573 210 630 h'oli
225 588 345 649 quaerere
359 588 393 630 ex
415 588 478 646 quo,
496 572 548 630 nisi
571 572 642 644 quod
667 574 769 646 incipit.
787 572 846 631 Noli
863 589 942 648 qua·

126 658 130 665 ’
151 683 210 725 rere
228 683 261 724 ex
274 682 338 739 quo,
355 682 370 733 a
385 681 438 738 qim
453 665 557 738 incipit,
577 666 707 740 quidquid
720 668 811 739 erepit,
829 675 856 723 et
869 665 940 738 quod

150 761 253 818 anullo
272 761 376 833 incipit,
394 760 455 832 qula
470 775 522 815 nnn
546 760 649 831 incipit.
674 759 749 816 Sicut
773 768 862 816 autem
885 774 939 817 nen

149 853 243 923 incipit
256 852 347 918 hatur,
359 867 411 921 aton
428 852 521 925 incipit
531 851 625 918 Filius,
641 851 688 907 sed
701 860 742 906 est
753 850 837 907 Filius
850 852 938 922 splen·

148 944 198 998 dor
213 943 310 999 Patris.
323 939 369 998 Sic
379 942 507 1012 splendor
520 941 598 1013 ignis,
608 957 640 997 ex
652 956 706 1012 qno
720 941 799 1013 ignis,
810 952 837 997 ct
850 942 939 1013 splen·

147 1034 197 1090 dor
211 1034 307 1099 Patris,
324 1049 358 1090 ex
374 1032 427 1105 duo
448 1032 536 1088 Pater.
551 1031 590 1087 Ex
604 1047 656 1104 xpm
679 1041 768 1089 autom
783 1033 882 1089 Patcrl
897 1034 938 1091 hb

148 1132 250 1180 aeterno
276 1125 302 1185 ia
327 1134 468 1178 acronium.
497 1122 568 1193 Ergo
592 1133 620 1178 et
641 1123 766 1194 splendor
792 1124 879 1180 Patris
905 1126 938 1180 ab

146 1224 248 1270 aeterno
274 1215 300 1268 in
320 1222 462 1281 aeternum,
478 1223 505 1270 et
520 1224 619 1279 unrcn,
632 1215 693 1286 quia
708 1216 837 1287 splendor
852 1217 934 1284 illius,

146 1306 229 1362 Filius
250 1306 331 1375 illius,
347 1316 374 1361 et
395 1307 435 1362 sic
454 1322 507 1361 non
529 1308 612 1379 coepit
636 1318 767 1378 ternpore,
783 1319 812 1362 ut
831 1310 937 1380 genitus

146 1401 206 1456 sita
221 1400 319 1456 Patre?
331 1399 397 1468 Quis
411 1400 462 1456 hoe
476 1400 586 1456 videat?
601 1400 676 1456 Linea
692 1416 750 1469 eor,
765 1413 859 1457 excate
874 1403 935 1475 pnt-

146 1510 246 1575 rerem,
262 1494 334 1550 dilue
349 1495 491 1550 maculant.
504 1494 639 1565 Quidquid
655 1496 807 1551 interiorem
832 1505 936 1568 pertur-

145 1589 191 1645 bat
216 1588 359 1655 intuitum,
387 1599 507 1655 curetur,
537 1597 565 1645 et
586 1597 705 1654 sanetur,
733 1598 760 1645 ει
784 1589 933 1662 apparebit,

146 1678 217 1751 quod
232 1680 340 1747 dicitur,
355 1689 382 1736 et
396 1679 524 1746 cruditur,
539 1689 680 1753 autequam
693 1680 826 1735 rideatur.

181 1774 213 1830 ll.
232 1773 313 1839 blodo
341 1787 429 1841 tantun
454 1775 598 1839 eredimus,
623 1775 730 1830 iratres.
757 1777 825 1846 Quid
848 1776 935 1835 credi·

142 1867 224 1923 mus?
246 1865 350 1922 Patrem
367 1876 393 1922 et
405 1865 501 1922 Filium
524 1875 551 1921 ει
575 1866 703 1936 Spiritum
719 1879 840 1923 sanctum
861 1867 934 1925 nullo

145 1970 267 2028 texrrpore
279 1974 308 2015 εε
323 1959 483 2031 praecedere.
509 1957 575 2014 Cum
588 1975 653 2031 ergo
674 1960 752 2015 Pater
765 1972 792 2015 et
813 1960 895 2015 Filius
907 1970 935 2016 et

142 2050 256 2122 Spiritus
277 2060 384 2107 sanctus
403 2051 476 2107 nullo
492 2062 611 2125 tempore
634 2068 664 2108 εε
691 2053 854 2124 precedant,
880 2068 932 2109 non

143 2151 229 2199 tamen
245 2144 318 2215 potui
332 2144 472 2201 nominare
489 2144 595 2201 Patrem
609 2154 636 2201 ει
650 2142 746 2200 Filium
761 2155 788 2200 et
804 2143 932 2215 Spiritum

142 2246 274 2305 sanetum,
288 2237 339 2292 nisi
357 2237 406 2293 ista
422 2238 529 2293 nomina
544 2247 665 2312 tempora
678 2247 810 2305 tenerent,
825 2247 852 2294 et
863 2246 932 2294 tem·

141 2329 252 2399 poribus
266 2332 323 2385 suis
338 2340 505 2386 tenerentur.
520 2331 579 2388 Non
594 2342 636 2387 est
646 2332 720 2402 prior
734 2332 825 2398 Pater,
840 2342 868 2389 et
881 2348 931 2404 po·

141 2420 238 2474 sterior
258 2418 352 2486 Filius,
367 2430 394 2476 ει
410 2431 496 2477 tanton
521 2436 641 2492 egenen
662 2424 737 2493 potui
764 2422 865 2489 dicere,
880 2423 932 2480 nisi

142 2526 224 2568 mum
247 2512 330 2584 prius.
343 2522 371 2569 ct
381 2512 462 2568 alium
478 2514 621 2584 posterius,
638 2524 664 2571 et
676 2530 724 2571 sua
738 2524 860 2585 tempora
874 2531 932 2571 om·

141 2620 191 2660 nes
203 2604 313 2677 syllabae
327 2614 481 2671 tenuerunt,
497 2614 524 2659 ct
538 2606 657 2662 secunda
677 2606 780 2678 syllaba
801 2608 827 2661 in
842 2606 931 2662 verbis

140 2697 208 2751 meis
221 2711 318 2753 sonare
338 2712 391 2752 non
412 2697 508 2767 potuit,
523 2698 573 2753 nisi
593 2713 654 2754 cum
678 2700 764 2769 prima
780 2699 928 2755 transisset.

142 2787 251 2843 Peracta
266 2798 328 2843 sunt
344 2796 465 2858 tempora
482 2789 507 2844 ia
521 2789 631 2860 syllabis
647 2791 724 2854 meis,
741 2806 802 2846 eum
816 2806 847 2847 ea
861 2790 930 2847 dieu·

140 2894 208 2947 rem,
233 2894 292 2950 quae
319 2895 372 2934 non
397 2877 497 2936 hahent
521 2889 651 2950 tempora.
675 2882 721 2938 Sic
741 2898 817 2953 ergo,
833 2883 929 2940 iratres

139 2971 202 3036 urei,
215 2985 276 3027 cum
287 2971 333 3027 1111
355 2971 474 3027 Trinitas
488 2973 653 3030 sensibiliter
667 2976 855 3031 ostenderetur
866 2976 929 3032 baie

139 3061 223 3125 carni,
239 3061 265 3116 in
287 3060 370 3118 bunio
383 3063 509 3134 apparuit
522 3064 611 3122 omnis
625 3064 752 3132 Trinitas,
774 3066 818 3124 ubi
843 3067 930 3136 bapti-

139 3162 216 3208 zatus
236 3164 277 3209 est
291 3152 450 3210 bominusa
475 3152 590 3211 loanne.
614 3155 766 3226 baptizatus
787 3168 829 3215 εει
843 3161 927 3227 enim,

138 3245 259 3302 ascendit
283 3261 298 3301 a
321 3246 465 3317 baptismo,
482 3247 621 3311 descendit
634 3248 768 3315 columba,
789 3258 816 3304 et
839 3252 930 3306 sonuit

141 3350 192 3392 nox
215 3336 249 3391 de
262 3335 351 3392 celo:
374 3334 425 3391 llic
439 3346 476 3393 est
499 3335 585 3392 Filius
608 3354 676 3392 mem
697 3339 929 3410 eiectatamque

138 3426 199 3482 hene
218 3427 360 3496 coorploeui
382 3426 491 3498 (iderti.
515 3443 553 3494 111,
574 3429 631 3501 ll).
652 3428 736 3487 Filius
759 3430 786 3485 in
809 3430 926 3499 homine,

136 3517 251 3588 Spiritus
268 3518 295 3573 in
317 3518 451 3584 columba,
469 3518 549 3575 Pater
561 3521 587 3581 in
611 3535 687 3576 voce.
714 3521 768 3577 lies
784 3522 928 3580 indiscreta

136 3611 253 3666 discrete
267 3618 414 3666 monstrata
425 3619 484 3679 est;
495 3611 517 3665 si
530 3619 618 3669 tamea
629 3612 741 3670 dicenda
755 3623 796 3670 εει
810 3629 863 3679 res,
880 3615 928 3675 sed

138 3703 227 3773 partius
249 3718 340 3760 rerum
356 3703 474 3763 earnium
496 3719 589 3769 causa,
604 3707 627 3764 si
650 3714 738 3762 maten
753 3723 843 3765 eausa.
858 3708 927 3776 Quid

139 3794 212 3850 enim
233 3793 358 3861 dicimus,
374 3809 435 3851 cum
454 3794 488 3852 de
505 3794 560 3851 lieo
573 3796 710 3855 dicimus?
729 3799 763 3854 Ει
776 3807 865 3856 taenea
887 3801 928 3859 di-

136 3887 232 3955 rimus,
248 3897 276 3946 et
287 3888 340 3947 diei
353 3904 383 3946 se
396 3890 468 3957 sinit,
486 3888 533 3960 qui
547 3906 600 3949 nou
615 3900 666 3957 est,
690 3893 762 3948 rehu
775 3895 924 3963 cogitatum

136 3977 189 4035 dici
208 3989 297 4037 autern
315 3995 368 4039 non
383 3989 481 4051 potest,
498 3995 548 4037 nee
560 3996 613 4052 quo
627 3981 708 4041 modo
720 3985 861 4054 rogitatur.
872 3985 926 4042 Sed

136 4080 264 4143 quantum
287 4071 322 4130 ad
342 4071 476 4139 homines,
498 4071 606 4139 iratres,
621 4088 686 4131 eece
708 4089 757 4144 per
775 4075 925 4137 eoiunrbarn

136 4165 270 4233 apparuit,
285 4173 313 4219 et
336 4163 474 4234 impletum
487 4173 528 4220 est
546 4182 553 4216 τ
572 4163 657 4233 snper
671 4164 754 4234 iprum
778 4177 860 4220 uorem
875 4169 925 4237 pio·

136 4255 201 4311 relit
224 4256 394 4324 sanctificatio
416 4272 480 4323 irrep.
507 4253 622 4311 Furere
646 4256 717 4312 enim
739 4257 837 4316 dictum
862 4268 924 4315 est:

137 4347 210 4405 elare
222 4348 372 4419 apparebit.
387 4347 459 4407 Nihil
481 4348 555 4405 enim
577 4348 603 4405 in
618 4346 717 4405 arbore
735 4347 924 4418 berectarius,

137 4438 202 4494 nihil
220 4439 343 4507 lucidius.
360 4440 417 4508 aaa
425 4438 492 4509 jam.
503 4439 677 4496 Pervenimus
689 4438 722 4496 ad
736 4439 829 4496 ultima
843 4441 925 4497 verba

136 4527 354 4599 lippopsalmatis
364 4528 421 4600 (ε);
439 4528 524 4599 Super
539 4531 624 4600 ipsum
643 4539 728 4587 eutem
751 4531 851 4601 placebit
863 4549 928 4591 soo-

137 4620 259 4690 ctiticetio
271 4636 326 4679 ntea
342 4619 535 4691 1111111111,
556 4620 613 4692 18).
638 4619 777 4685 Recurdor
799 4639 843 4679 me
858 4639 926 4694 pree-

138 4712 296 4779 termixisse,
323 4713 369 4783 qui
389 4714 442 4773 tint
466 4713 578 4781 inimici,
599 4712 645 4785 qui
666 4713 773 4771 contusi
795 4724 858 4773 suot
879 4730 927 4786 per

136 4807 288 4872 lucernam.

174 4899 217 4956 111.
240 4896 337 4961 Potoni
359 4897 490 4957 toronum
505 4897 607 4957 christo
631 4913 697 4963 meo,
712 4897 792 4959 Pater
811 4898 878 4957 dixit
893 4900 927 4961 de

137 4990 207 5049 l'ilio
234 5005 293 5047 suo.
327 4989 413 5059 Quam
440 4989 598 5051 lucernam?
619 4989 761 5049 loannem.
791 4989 926 5071 interroga

137 5084 223 5156 ipsunt
237 5084 346 5145 Filium.
362 5083 414 5141 llio
427 5095 481 5142 11111
496 5085 598 5143 lucerio
611 5085 705 5143 orclem
719 5096 743 5143 et
758 5087 855 5143 lucent.
870 5088 927 5145 lul·

137 5179 216 5237 miros
227 5179 282 5250 eius
302 5179 409 5235 induunt
423 5177 582 5249 consuiant.
606 5177 708 5237 inimici
726 5178 825 5237 Christi
842 5184 927 5252 aperti

127 5271 193 5342 uui,
209 5271 261 5327 nisi
275 5270 380 5332 iudai?
394 5268 481 5327 babet
495 5271 568 5329 enim
583 5271 703 5333 occultos
719 5271 841 5328 inimicus
854 5272 928 5327 Cirri-

136 5371 204 5423 stus.
214 5365 315 5424 Orines
326 5365 416 5436 inique
429 5373 510 5435 atque
526 5363 607 5434 impie
616 5364 741 5421 uincentes
753 5365 852 5421 inimici
866 5373 929 5439 suot

169 5519 270 5582 (1111111
281 5519 499 5584 roeehugustinns
512 5518 585 5568 etiam
597 5515 625 5565 t..
639 5515 659 5566 l.
674 5522 776 5567 hetroot.
790 5530 811 5567 e.
826 5518 866 5568 10.
880 5518 928 5567 uti·

138 5584 179 5629 tur
189 5580 219 5628 ad
229 5578 408 5642 signillcandam
418 5579 506 5632 Psalmi
524 5578 675 5646 particulata,
686 5591 743 5642 quar
753 5592 767 5630 a
778 5582 926 5632 succinenti-

137 5641 186 5698 nrm
198 5639 352 5707 frequentius
362 5645 494 5710 npothur.

590 177 704 237 senato
722 177 771 250 m,
791 180 825 247 m
844 178 971 265 uanam
991 180 1132 249 rutnans
1151 187 1344 251 oarnrsrnr.

999 294 1109 368 Christi,
1125 304 1175 377 etsi
1201 305 1341 377 signentur
1362 310 1471 369 nomine
1494 311 1563 383 ejus,
1588 314 1638 379 etsi
1660 330 1791 387 vocentur

998 386 1158 450 Christiani.
1176 393 1279 463 Quibus
1294 400 1365 454 enim
1379 401 1501 460 dicturus
1512 412 1554 461 est
1569 423 1575 459 :
1593 403 1654 463 h'on
1667 411 1789 483 nauium,

998 490 1026 540 et
1040 483 1132 541 dieunt
1148 487 1186 544 illi
1199 506 1206 543 ι
1220 488 1342 562 Dortrine,
1358 494 1385 547 in
1400 495 1502 551 nomine
1514 507 1558 553 tue
1582 501 1791 561 nronducutu'mnx

996 584 1020 630 et
1034 566 1151 643 libanus,
1160 581 1187 635 in
1199 585 1301 638 nominc
1316 595 1359 641 tuo
1372 588 1476 644 uirtutes
1489 590 1584 646 ntuitm
1597 595 1701 663 feriatur
1711 596 1788 658 (buc.

995 683 1052 731 xrtt,
1069 668 1124 735 16,
1141 682 1164 725 et
1185 672 1339 743 Matthia,
1354 677 1400 742 11,
1412 679 1471 748 15].
1486 679 1554 750 Quid
1568 683 1808 765 manducatione,

994 767 1022 815 et
1037 759 1152 816 bibimus
1167 764 1192 817 in
1209 767 1317 822 nomine
1332 768 1470 824 touillon
1486 772 1558 827 euim
1573 788 1649 830 escas
1664 790 1725 833 suas
1740 793 1789 847 pro

994 863 1091 918 magam
1109 852 1258 922 jactabant,
1275 866 1302 911 ot
1322 856 1384 911 inde
1406 859 1480 915 suad
1500 860 1636 919 Christum
1654 877 1788 936 pertinere

993 937 1127 995 dicelmnt.
1151 943 1199 998 list
1212 960 1273 999 esca
1297 947 1429 1018 (parridum,
1444 965 1504 1021 qum
1521 954 1696 1012 manducatur
1708 965 1735 1012 et
1747 957 1788 1013 bi·

992 1029 1074 1098 bitur,
1087 1032 1248 1090 etChristns
1268 1047 1319 1092 est.
1340 1039 1371 1095 Et
1391 1041 1425 1095 ab
1441 1042 1557 1099 inimicis
1570 1044 1696 1103 Citristus
1710 1062 1787 1102 man·

991 1120 1107 1179 lineatur
1122 1134 1149 1179 et
1163 1125 1273 1183 bibitur.
1299 1129 1401 1186 Norrtnt
1415 1131 1523 1190 Fideles
1537 1136 1642 1207 hgnrmr
1658 1139 1787 1197 inrmncu·

993 1213 1084 1281 latnnr,
1098 1233 1151 1287 quo
1173 1229 1330 1288 vescuntur,
1352 1235 1432 1295 atque
1453 1226 1553 1282 utinam
1569 1230 1608 1284 sie
1631 1240 1784 1299 resonatur,

992 1315 1086 1361 utnon
1102 1309 1156 1364 siut
1177 1325 1263 1381 poetne
1279 1312 1432 1370 debiturus!
1456 1315 1532 1374 Sicut
1551 1319 1622 1381 entim
1636 1322 1701 1378 dicit
1713 1324 1786 1395 Apu·

991 1399 1075 1453 stolus
1100 1419 1106 1454 :
1135 1403 1293 1476 Quicumque
1313 1408 1451 1463 rrrnrrducot
1463 1420 1486 1464 et
1501 1410 1541 1467 bil

989 1493 1056 1545 ct'unr
1071 1494 1117 1547 niti
1139 1496 1276 1550 rtrunducot
1288 1509 1311 1552 et
1326 1499 1387 1552 bibit
1401 1501 1426 1570 (l
1444 1499 1503 1556 Cor.
1519 1518 1556 1570 11,
1577 1503 1635 1576 ab).
1652 1506 1722 1576 Ergo
1736 1507 1783 1563 lni·

989 1583 1050 1637 mici
1065 1584 1165 1638 Christi
1190 1599 1262 1655 satut,
1279 1591 1323 1659 qtri
1350 1592 1451 1647 xrtalunl
1473 1593 1565 1664 inique
1587 1595 1687 1665 rivere,
1701 1613 1782 1668 quant

989 1673 1027 1728 illi
1042 1676 1241 1747 oirtmnperare,
1259 1689 1286 1733 et
1308 1696 1367 1735 erran
1392 1683 1489 1737 dieitur
1511 1694 1639 1743 venturus
1660 1688 1782 1759 judicare

988 1765 1065 1821 rivos
1078 1777 1105 1821 ct
1119 1780 1250 1839 mortuos,
1269 1771 1362 1826 timeat
1378 1788 1410 1827 ne
1434 1776 1532 1831 reniat.
1554 1777 1583 1831 Si
1607 1779 1660 1834 illis
1675 1780 1779 1843 liceret,

988 1857 1106 1913 lacerent
1129 1876 1162 1914 nc
1184 1863 1376 1930 trahentium
1402 1881 1454 1919 non
1480 1876 1624 1936 potuerunt
1650 1870 1737 1926 lacere
1751 1880 1781 1927 ut

987 1964 1040 2004 non
1058 1951 1174 2013 vettiret,
1192 1951 1311 2009 lacerent
1335 1970 1368 2009 ne
1378 1955 1486 2011 rediret.
1496 1956 1555 2011 lam
1571 1957 1655 2015 indat
1671 1962 1721 2015 hoc
1735 1976 1780 2016 ro·

984 2040 1093 2096 'luerunt
1109 2041 1205 2102 hreerc.
1222 2061 1254 2098 ne
1272 2045 1382 2100 rediret.
1398 2047 1494 2101 llissns
1509 2058 1550 2102 est
1565 2050 1636 2107 eninr
1653 2051 1723 2107 hlixts
1744 2052 1778 2108 ad

986 2134 1072 2190 malos
1087 2136 1146 2191 ilios
1162 2137 1284 2202 rotnnns,
1297 2140 1330 2192 ad
1354 2140 1439 2195 malus
1454 2142 1631 2200 eorrxluetores
1652 2146 1775 2201 exulantes

986 2225 1101 2282 reddere
1125 2231 1287 2295 rnerccdem,
1302 2240 1329 2285 et
1352 2230 1500 2301 lapidantes
1522 2249 1614 2289 serras
1631 2237 1729 2293 missos
1743 2239 1777 2294 ad

986 2333 1025 2374 se.
1040 2317 1114 2373 Tarae
1136 2320 1203 2374 dixit
1226 2320 1430 2390 paterfamilias,
1445 2323 1571 2380 ‹lontinus
1591 2327 1693 2384 uince:
1713 2329 1778 2385 1111-

986 2413 1134 2481 templium
1155 2430 1238 2466 arreum
1254 2412 1387 2484 (Luc.1x‚
1402 2417 1456 2485 tt).
1484 2416 1605 2473 Formiae
1627 2420 1668 2475 t'el
1691 2421 1778 2491 ipsum

985 2502 1191 2559 reverebuntur.
1208 2505 1249 2560 lin
1264 2516 1353 2560 atatem
1368 2508 1553 2577 cogitaverunt
1566 2508 1687 2567 dicentes
1702 2531 1708 2567 :
1727 2512 1778 2568 llic

985 2605 1020 2648 est
1036 2595 1125 2650 heres.
1145 2594 1238 2660 l'enite,
1253 2597 1398 2652 occidemus
1410 2615 1476 2661 eunt,
1492 2611 1514 2654 et
1526 2612 1612 2661 nostru
1626 2604 1672 2656 erit
1694 2603 1776 2659 luere·

984 2688 1050 2743 ditor
1066 2685 1147 2759 (ibid.
1163 2686 1225 2760 itt!
1247 2688 1306 2744 Nun
1321 2699 1464 2762 potnerunt
1480 2692 1578 2759 lacere,
1594 2710 1627 2749 nc
1644 2697 1777 2752 tenircta

982 2790 1069 2853 patre,
1082 2789 1109 2835 et
1122 2781 1210 2835 eonati
1225 2790 1285 2836 sunt
1301 2780 1399 2847 lacere,
1408 2798 1441 2838 nc
1450 2784 1549 2839 rediret
1558 2783 1591 2839 ad
1601 2785 1776 2854 purmnSed

982 2874 1024 2929 cui
1047 2871 1118 2928 hoe?
1140 2872 1274 2928 lidebant
1293 2873 1402 2943 quidem
1415 2883 1442 2930 et
1457 2878 1665 2934 contemnebant
1680 2891 1778 2935 mmm·

983 2963 1046 3025 lem,
1056 2962 1103 3019 setl
1116 2964 1141 3017 in
1151 2978 1183 3018 eo
1195 2978 1247 3019 non
1260 2972 1403 3033 potnerunt
1414 2966 1538 3022 occidere
1547 2969 1597 3022 nisi
1612 2980 1736 3026 mortem.
1747 2970 1777 3029 ln

983 3065 1070 3110 morte
1078 3053 1180 3108 Christi
1192 3068 1265 3108 xrnors
1275 3061 1441 3108 mortuaest.
1450 3055 1495 3111 111ε
1505 3070 1647 3128 resurgens
1656 3061 1778 3119 aseendit

983 3145 1016 3200 ad
1032 3146 1138 3200 Patrem
1154 3154 1180 3200 et
1193 3152 1324 3200 venturus
1339 3156 1389 3200 est.
1405 3145 1474 3216 Quid
1491 3148 1612 3203 timetis?
1629 3153 1735 3218 durate,
1749 3162 1778 3208 ct

982 3240 1069 3294 securi
1091 3239 1177 3294 critis.
1203 3238 1300 3317 Nonne
1325 3254 1374 3295 nos
1389 3241 1654 3298 orornamenta
1669 3260 1775 3315 repham

983 3339 1052 3383 11111111
1067 3328 1224 3402 (1111111111,
1238 3330 1291 3403 tu).
1308 3330 1389 3402 Ergo,
1403 3331 1509 3398 iratres,
1520 3346 1639 3399 oramus,
1653 3344 1681 3391 et
1696 3335 1776 3391 time·

982 3438 1050 3491 ritus,
1066 3437 1100 3478 ne
1115 3421 1308 3478 exaxrdiamur?

1019 3513 1072 3571 111.
1094 3514 1146 3571 Sed
1175 3515 1227 3578 isti,
1243 3524 1272 3570 nt
1283 3515 1371 3572 dicere
1384 3532 1528 3588 coeperam,
1543 3520 1638 3585 occulti
1653 3529 1715 3577 sunt
1725 3520 1775 3579 ini·

980 3607 1052 3663 mici.
1069 3608 1105 3663 be
1120 3607 1172 3662 illis
1184 3609 1282 3678 apertis
1296 3609 1445 3679 loiptamm,
1454 3612 1497 3683 qni
1509 3623 1600 3683 aperte
1610 3614 1772 3684 ittriderunt,

980 3701 1133 3764 saevierant,
1149 3709 1301 3761 terrarerunt,
1314 3700 1530 3773 tttpnttanenmt,
1548 3703 1697 3773 illuserunt,
1713 3721 1775 3763 crat·

979 3790 1129 3857 dilixerunt,
1145 3790 1310 3856 occiderant,
1326 3792 1457 3863 sepultum
1471 3794 1664 3851 crtstodiertmt.
1674 3796 1775 3855 llidea·

979 3898 1047 3949 mns,
1058 3881 1191 3951 quomodo
1202 3880 1284 3937 induti
1298 3892 1358 3938 strnt
1370 3883 1524 3945 exinhrsione
1539 3902 1586 3957 per
1597 3888 1667 3951 iilam
1685 3889 1773 3946 lucer-

979 3990 1050 4029 narn.
1072 3974 1137 4030 Cum
1162 3974 1289 4029 miracola
1317 3974 1436 4030 riderent
1460 3977 1486 4030 in
1511 3976 1710 4040 bortrinoiidern
1725 3980 1774 4035 ini·

979 4065 1040 4120 miti
1057 4083 1064 4120 τ
1082 4064 1130 4117 llic
1144 4064 1233 4128 trahis,
1250 4064 1388 4133 inquiunt,
1403 4065 1430 4116 in
1442 4080 1493 4135 quo
1506 4075 1628 4135 potestate
1646 4069 1694 4121 isto
1709 4070 1773 4139 focis

980 4153 1063 4230 (Luc.
1074 4153 1158 4220 aba)
1171 4154 1182 4206 l
1196 4151 1305 4207 inimico
1331 4154 1420 4207 anitno
1447 4140 1685 4225 interrogaverunt,
1700 4167 1738 4226 ut,
1750 4160 1773 4216 si

980 4247 1024 4301 illo
1045 4245 1171 4299 fateretur
1192 4251 1348 4315 potestatem
1371 4247 1549 4315 suam,qnasi
1572 4245 1773 4318 blasphemandi

979 4353 1054 4394 reum
1071 4343 1199 4392 tenerent.
1216 4333 1289 4403 Sed,
1304 4335 1438 4409 quoxtrodo
1453 4336 1497 4392 ilie
1519 4335 1580 4393 lecit
1604 4339 1638 4396 de
1651 4356 1770 4405 nunnno,

978 4428 1085 4502 quando
1100 4429 1224 4483 uolebant
1237 4427 1392 4483 calumniari
1406 4428 1430 4484 ei
1444 4470 1451 4492 ,
1465 4427 1487 4483 si
1500 4429 1600 4487 diceret
1615 4448 1621 4483 τ
1639 4432 1774 4488 heddatm·

980 4521 1107 4578 tributum
1122 4519 1230 4586 castrt,
1244 4521 1318 4591 qnasi
1333 4519 1512 4577 maledixisset
1524 4524 1596 4593 genti
1607 4524 1772 4591 luda-nram,

979 4629 1058 4686 qnam
1073 4612 1178 4668 lecisset
1203 4611 1334 4667 subditam
1346 4621 1374 4666 et
1395 4612 1560 4667 tributariam
1573 4629 1580 4680 ;
1594 4616 1616 4671 si
1630 4626 1718 4673 autem
1734 4618 1774 4673 tli-

980 4706 1062 4761 xissct
1078 4723 1083 4758 :
1099 4703 1156 4759 Non
1171 4702 1314 4770 reddatur,
1329 4704 1535 4761 criminarentur
1548 4722 1610 4765 eum
1630 4710 1700 4783 apud
1715 4710 1774 4767 Car·

980 4799 1047 4854 saris
1061 4798 1160 4852 amieos
1174 4806 1200 4851 ct
1215 4796 1361 4860 ministros,
1372 4796 1442 4866 ‹pmd
1455 4799 1607 4868 prohiberet
1622 4803 1695 4858 reddi
1708 4821 1714 4865 ;
1731 4804 1775 4858 ille

980 4900 1068 4945 autem
1080 4886 1235 4954 1011111111,
1248 4888 1292 4952 ait,
1306 4889 1368 4942 1111111
1382 4906 1511 4946 nunmrma
1521 4911 1529 4956 ,·
1539 4895 1613 4964 cajm
1629 4896 1700 4948 hother
1711 4897 1774 4947 irrin-

980 4987 1062 5056 pinem
1074 5024 1082 5048 ,
1094 4993 1117 5038 et
1131 4982 1370 5052 superscriptionem
1383 4984 1395 5037 ‚⁹
1414 4983 1618 5054 Responderunt
1632 5003 1639 5037 r
1654 4983 1772 5040 Cnonrix.

982 5076 1089 5132 Reddite
1107 5090 1167 5145 erpo
1189 5073 1303 5138 Curari,
1318 5091 1374 5146 quoe
1397 5075 1504 5133 cerni-e
1524 5085 1593 5140 ruat,
1609 5083 1631 5128 et
1651 5091 1707 5144 puto
1726 5075 1774 5130 Dei

980 5169 1105 5235 storalbo
1114 5167 1220 5240 (Martii.
1231 5168 1403 5236 11111911).
1414 5166 1468 5221 lloe
1480 5176 1521 5221 est
1530 5162 1619 5226 dice'ro
1629 5186 1634 5221 ι
1645 5167 1672 5222 Si
1685 5167 1773 5225 Cacsar

981 5261 1076 5331 quante
1090 5260 1230 5330 imaginem
1247 5274 1321 5314 sarram
1337 5258 1363 5313 lu
1379 5270 1506 5322 ntrmmo,
1525 5256 1594 5313 Deus
1610 5274 1661 5319 nou
1675 5261 1773 5331 qttocrit

982 5351 1122 5420 imaginem
1143 5365 1216 5406 saram
1231 5349 1258 5403 iu
1283 5346 1412 5402 horariae?
1427 5344 1470 5402 Sie
1484 5354 1511 5401 et
1531 5346 1573 5404 hic
1587 5347 1686 5404 inimici
1701 5351 1774 5405 calit-

982 5444 1126 5500 mutatores
1147 5440 1181 5495 ln
1205 5441 1281 5493 eorde
1303 5447 1326 5493 et
1340 5438 1416 5490 corde
1431 5436 1508 5493 locuti
1521 5449 1579 5494 aurit
1593 5439 1661 5495 niolo
1677 5441 1686 5506 l
1700 5440 1773 5497 Paul.

981 5553 1020 5603 xi,
1047 5535 1086 5605 3).
1101 5531 1189 5588 Serxrel
1200 5531 1270 5586 enim
1284 5529 1412 5585 dixissent
1436 5530 1461 5585 in
1474 5529 1565 5595 eorde,
1581 5531 1642 5597 nisi,
1657 5535 1701 5603 qui
1717 5533 1774 5588 rnttx

984 5631 1156 5702 loquerentur
1168 5664 1176 5692 ,
1190 5623 1287 5695 duplex
1308 5636 1354 5678 ror
1376 5621 1523 5690 haberent,
1536 5632 1583 5695 et,
1600 5624 1671 5683 unde
1698 5624 1774 5703 paule

1793 3440 1797 3487 i
