3854 6128
314 51 319 56 ,
361 39 521 60 ”““.ὢοθυ,»

139 147 192 207 899

138 279 172 333 et
186 278 217 321 se
230 256 329 318 habere
342 273 396 315 non
412 256 517 325 patuit,
531 255 580 312 sed
600 271 616 311 a
639 257 696 313 Dea
711 256 811 313 habere
826 259 923 328 potuit.

138 356 269 412 Audierat
283 366 353 407 enlm
366 367 372 405 :
386 348 486 415 Petite,
502 360 524 402 et
539 349 669 417 accipietis
684 349 774 418 (loon.
789 365 853 415 unt,
867 349 927 420 id).

138 447 255 504 Noverat
269 458 344 514 erqo,
359 443 423 513 quid
436 451 508 497 esset
522 443 671 511 petiturus,
686 443 730 510 qni
745 446 831 511 primo
845 442 927 497 Deum

138 539 251 610 rogavit.
267 537 336 607 Ergo
361 534 480 602 Exaudi,
502 533 587 599 Delta,
611 534 750 589 arationem
772 534 871 588 lucam!
895 534 929 589 Et

138 630 213 704 quasi
229 629 410 696 interrogatus
424 644 431 680 :
444 625 513 694 Quid
526 625 582 689 tis,
597 623 660 693 quid
673 625 781 695 pulsas,
796 623 859 694 quid
874 624 927 678 cla·

138 737 205 787 uuas,
218 720 281 792 quid
293 717 465 789 interpellas?
477 717 602 772 Audiam.
615 717 684 784 Quid
698 717 756 772 vis?
769 716 836 783 Quid
847 715 928 772 valo?

137 814 185 869 ait.
209 811 276 867 dudi
292 810 457 866 voluntatem
472 824 574 873 meam,
590 818 617 862 et
640 808 741 881 perfice
763 823 845 877 opera
870 818 925 863 tila.

137 906 202 975 Qum
215 913 257 960 est
269 903 391 958 utlluntas
405 901 480 956 meai
497 899 792 966 vuantonettonem
807 914 885 963 meas,
899 906 928 953 ut

137 1014 189 1053 noll
203 997 346 1066 delinquam
361 995 386 1048 in
403 994 489 1064 linqua
503 1007 559 1046 mea
573 990 659 1062 (Plal.
675 1005 795 1054 llxxvlll,
813 989 859 1059 l).
877 991 928 1043 Ar·

137 1090 217 1145 duam
233 1102 289 1143 rem
305 1089 357 1143 iste
372 1085 507 1157 disponit,
522 1081 569 1139 sed
590 1097 642 1136 non
663 1080 782 1145 dabitat,
800 1079 926 1150 qnoniam

138 1182 224 1252 prima
237 1178 377 1234 [lominum
390 1177 548 1247 deprecatus
561 1182 612 1229 est.
627 1171 742 1228 Noverat
758 1173 829 1227 enim
843 1171 927 1241 magi·

137 1277 247 1329 sterium
263 1271 337 1326 Pauli
352 1288 357 1324 :
372 1267 434 1323 Non
446 1283 503 1338 eqo,
514 1266 558 1320 aed
568 1266 651 1337 qratia
660 1264 705 1320 liei
717 1281 813 1318 aleeunl
825 1264 850 1334 (l
864 1262 925 1319 Cor.

137 1381 183 1427 ur,
197 1365 253 1434 td).

176 1456 208 1510 ll.
224 1454 287 1509 ilici
310 1469 369 1523 erpo
386 1467 395 1504 .·
415 1449 561 1506 Custodiam
582 1451 635 1505 aial
656 1466 734 1505 luem.
759 1449 831 1516 Quas
853 1445 927 1502 tias?

137 1547 279 1603 'icrrellas
292 1542 423 1613 Numquid
435 1557 481 1612 per
492 1543 609 1614 linguam
621 1540 788 1596 ambulamus
799 1540 826 1593 in
838 1537 926 1594 terra?

137 1641 190 1693 Αυι
203 1636 315 1707 paulillus
329 1634 427 1688 nostris
440 1635 465 1687 ill
481 1640 551 1688 terra
564 1632 743 1698 ambulamus,
756 1639 800 1685 aut
813 1628 926 1700 pedibus

137 1730 241 1785 alienis.
254 1731 307 1782 Αυι
317 1725 478 1781 animalibus
491 1725 625 1790 achitam,
640 1733 686 1778 am
701 1722 812 1794 pedillus
826 1720 927 1775 nostris

135 1821 216 1876 imus.
235 1817 304 1887 Quid
319 1826 360 1873 est
375 1816 457 1888 ergo?
481 1817 566 1886 Quam
589 1816 639 1871 iste
662 1814 732 1868 liam
755 1813 868 1884 quesiti
888 1809 927 1866 Ne

136 1910 325 1981 delinquentia
350 1909 439 1979 lillgua
464 1923 524 1964 sua.
548 1907 642 1978 Magna
662 1905 803 1971 doctrina,
818 1904 925 1968 videte,

137 2003 245 2059 tratres.
272 2000 406 2070 Numquid
425 1999 514 2067 enim,
537 1996 762 2070 quemadmodum
784 2011 837 2051 una
860 1994 926 2051 hora

136 2108 279 2166 pessulans
293 2092 383 2147 cilluln
398 2091 542 2162 accipere,
557 2099 586 2147 et
606 2089 699 2146 relecti
721 2088 866 2153 recedere,
886 2087 926 2143 sie

135 2204 279 2263 pessulans
287 2197 424 2244 momento
432 2201 485 2242 uno
496 2186 570 2257 loqui
580 2185 672 2250 etiam,
685 2193 712 2240 et
722 2183 818 2239 sileret
828 2182 927 2249 Quem·

135 2283 280 2341 adlnodmn
292 2281 366 2338 enim
381 2279 513 2335 habemus
525 2278 618 2334 oculos
629 2275 663 2332 ad
679 2275 835 2339 silendam,
846 2287 925 2329 aures

135 2376 169 2430 ad
183 2373 355 2438 audiendum,
372 2381 539 2440 caeterosque
553 2383 650 2425 sensus
663 2368 697 2423 ad
712 2365 924 2436 percipiendum,

134 2467 175 2523 sle
189 2465 286 2519 iterum
301 2463 417 2532 linquam
431 2461 465 2515 ad
480 2461 655 2532 loquendum.
671 2459 720 2514 Est
734 2457 813 2513 nobis
828 2470 924 2525 magna

136 2554 283 2612 necessitas
297 2553 406 2623 lingum.
421 2551 476 2606 dut
490 2551 590 2621 aliquid
604 2551 745 2605 auditurus
764 2563 813 2611 cs,
831 2556 859 2601 ut
880 2560 926 2600 re·

135 2645 284 2720 spondeas,
301 2656 347 2700 aut
361 2642 460 2714 aliquid
472 2641 592 2697 dicturus
605 2654 652 2704 es,
672 2649 700 2695 υι
712 2639 820 2694 docens.
843 2635 927 2692 Num·

134 2742 199 2814 quid
212 2741 293 2797 oculo
308 2740 440 2803 dicturus,
456 2745 483 2791 et
496 2749 550 2790 nun
564 2734 671 2804 linguai
686 2732 719 2787 Et
731 2733 753 2786 si
768 2747 833 2786 aure
847 2731 925 2786 audi·

136 2845 211 2890 turus
223 2848 264 2899 es,
277 2832 365 2903 linqua
379 2840 561 2899 responsurus
575 2840 614 2882 es.
625 2823 693 2894 Quid
705 2823 816 2878 iacimus
826 2821 860 2878 de
872 2832 925 2876 tam

134 2926 194 2984 utili
209 2924 348 2982 lnembrol
370 2922 433 2978 lnde
453 2921 538 2977 Deum
560 2918 777 2991 rogamus,illde
797 2916 927 2971 satisfaci-

135 3035 205 3085 mus,
222 3017 285 3074 inde
299 3016 391 3074 laudes
402 3015 535 3081 dicimus,
552 3011 614 3068 inde
628 3026 681 3066 una
693 3025 759 3065 uoce
775 3010 925 3065 concinen-

135 3121 177 3169 tes
191 3112 245 3168 [leo
256 3118 405 3177 calumnias,
424 3106 485 3162 inde
498 3105 663 3177 quotidianis
680 3104 775 3159 diebus
787 3110 832 3157 aut
846 3103 927 3156 mise·

136 3205 256 3265 ricordes
269 3203 412 3269 cilicinum,
426 3215 488 3256 cum
511 3199 570 3254 aliis
594 3199 738 3268 loquimur,
752 3206 799 3251 ant
814 3194 926 3250 consilia

136 3298 241 3352 damus.
257 3295 326 3364 Quid
340 3294 452 3349 iacimus
464 3289 555 3346 nune?
569 3290 629 3358 lpsa
646 3290 734 3359 lingna
748 3298 838 3343 nostra
849 3286 926 3341 rabis

134 3387 312 3445 ministerium
326 3383 446 3440 cullibet.
458 3380 527 3450 Quid
543 3380 665 3448 iacimus,
680 3389 708 3434 at
720 3394 773 3434 non
787 3378 926 3447 delinqua-

135 3493 196 3535 mus
210 3478 236 3530 in
251 3475 350 3544 lingna,
366 3473 484 3529 unanime
495 3487 556 3528 cum
570 3471 669 3527 dictum
685 3471 738 3525 sit:
752 3468 824 3524 liora
838 3479 861 3522 et
875 3468 926 3522 aila

134 3569 162 3621 in
175 3565 290 3620 nlauillul
300 3565 395 3638 linquae
406 3562 498 3638 (Pron.
510 3580 585 3630 xant,
599 3563 657 3632 ill.
670 3561 704 3616 m
715 3562 812 3617 iterum
824 3559 925 3615 dictum

135 3660 171 3714 sit
185 3674 192 3709 ι
207 3654 304 3708 dlultal
315 3655 367 3709 aidi
377 3656 495 3708 cadentes
510 3670 555 3724 per
564 3668 651 3706 eatam
661 3652 752 3723 qladii,
762 3651 806 3706 sed
817 3667 867 3705 noll
877 3651 924 3718 lie,

135 3746 262 3819 quamodo
281 3746 325 3815 qui
346 3744 489 3799 aeciderunt
510 3760 555 3813 per
579 3744 691 3812 linquant
707 3743 809 3814 (Eceli.
824 3759 924 3807 xtvtn,

135 3841 170 3896 22
179 3841 209 3910 ll
224 3837 327 3892 lterum
341 3835 440 3892 dictum
453 3843 494 3890 est
505 3852 512 3889 :
524 3831 558 3887 dl
569 3833 656 3904 linqua
669 3835 695 3888 in
705 3836 821 3888 nlemlril
833 3836 926 3889 nostrie

135 3933 303 3998 collatitnitur,
314 3946 371 4002 quta
380 3928 492 3983 nlaeulat
507 3937 588 3982 totum
598 3943 691 3997 corpus
702 3925 924 4000 nastruln(lncoll.

135 4042 174 4093 ln,
188 4024 222 4095 a)
237 4063 244 4077 .
265 4023 329 4078 lndc
344 4022 440 4077 iterum
457 4019 526 4076 idem
548 4019 678 4075 [lominus
693 4037 700 4074 :
714 4016 862 4072 Dnellerunt
876 4018 927 4073 lin·

134 4135 209 4190 quant
222 4132 294 4171 eualll
307 4115 378 4184 loqui
392 4112 552 4167 alendusium
567 4110 676 4182 (larem.
689 4127 727 4179 nt,
741 4108 780 4182 5).
797 4108 924 4165 Odoeue·

135 4209 210 4264 runt!
231 4208 304 4262 Facit
318 4205 390 4261 enim
404 4203 627 4261 consuetudinem
648 4203 721 4273 loqui
743 4203 922 4258 mendacium.

135 4301 241 4365 Etiam,
258 4301 280 4355 si
296 4314 349 4355 non
362 4298 418 4363 uie,
436 4296 481 4352 illa
496 4296 613 4367 loquitur
628 4295 807 4350 mendacium.
823 4295 924 4364 Quem-

134 4391 277 4448 admodum
298 4390 388 4455 enim,
413 4388 436 4443 si
457 4396 544 4444 rotam
558 4386 650 4440 ualuas
665 4385 749 4442 semel
766 4385 867 4456 (lacot.
883 4399 923 4451 nl,

134 4486 179 4554 6),
191 4484 257 4553 jam,
272 4492 301 4538 ut
314 4496 393 4536 mana
407 4479 556 4549 impuleris,
570 4477 614 4533 illa
626 4479 683 4548 ipsa
698 4478 780 4549 lugula
794 4487 821 4534 et
832 4487 926 4534 rotun·

135 4575 291 4641 ditate,uel
315 4576 374 4644 ipso
397 4572 535 4638 instabili,
557 4581 585 4627 ct
604 4570 681 4640 quasi
705 4570 819 4627 naturali
844 4585 925 4625 cursu

135 4667 234 4733 currit,
249 4667 289 4721 sic
307 4676 335 4721 et
349 4667 438 4736 linqua
453 4675 562 4734 nostra,
579 4679 646 4736 opus
657 4671 699 4720 est
711 4663 750 4734 la)
765 4674 795 4719 ut
807 4679 860 4718 non
874 4663 924 4718 do·

135 4767 228 4817 ocatur
252 4755 323 4827 loqui
347 4756 540 4823 lnendacimn;
561 4756 617 4827 jam
641 4756 713 4811 enim
738 4755 808 4810 ultro
830 4764 926 4825 sponte

90 4893 96 4906 .
135 4856 219 4910 currit
241 4849 275 4904 ad
297 4847 322 4903 id
334 4888 341 4912 ,
355 4846 388 4902 ad
401 4850 472 4918 qaod
488 4848 592 4904 lucilius
605 4858 698 4920 potest
716 4850 828 4906 moueri.
845 4849 925 4905 Aliud

136 4945 218 5000 ilabes
231 4944 257 4998 in
271 4942 369 5007 carde,
382 4939 455 4995 aliud
471 4930 516 4995 illa
532 4943 678 5013 aliquando
695 4943 777 4998 voluit
791 4959 824 4999 ex
839 4959 924 5001 marc.

135 5037 204 5107 Quid
217 5037 334 5093 ducturus
349 5034 396 5089 es?
410 5032 487 5100 Qum,
500 5032 608 5098 uidetis,
625 5033 735 5092 iratres!
755 5052 814 5107 qum
827 5045 926 5092 statera

136 5128 224 5185 cordis
237 5126 357 5182 lacieuda
372 5133 431 5191 est,
449 5134 477 5179 ut
493 5123 582 5194 linqua
603 5125 702 5195 aliquid
724 5127 860 5199 proferat!
876 5128 927 5187 Nc·

136 5234 189 5292 que
203 5219 274 5273 enim
287 5227 382 5287 sponte
398 5225 533 5272 movetur.
551 5217 625 5271 intas
637 5226 688 5286 est,
702 5218 748 5288 qui
761 5228 860 5274 molet.

175 5310 219 5368 ΙΙΙ.
235 5309 283 5366 Est
295 5310 366 5366 ellim
380 5309 502 5379 quedam
516 5310 576 5377 uis,
591 5326 651 5381 quae
663 5325 711 5378 se,
727 5321 754 5368 et
766 5322 864 5369 caetera
877 5315 927 5370 nui·

138 5403 249 5461 nisteria
263 5417 311 5458 sua
325 5411 424 5458 lllouet.
446 5402 518 5473 Opus
541 5412 601 5472 est,
615 5411 644 5458 υι
658 5403 744 5459 bonus
756 5406 791 5461 sit
805 5406 867 5474 ille,
882 5408 928 5477 qui

139 5535 329 5649 doqqqqqrrajqccit
340 5535 567 5612 aocesdlillrarius.
591 5536 661 5605 Lege
674 5553 680 5588 :
694 5545 817 5606 opmnoa
838 5547 882 5601 ιιι,
902 5546 929 5592 ut

752 143 781 200 S.
802 144 985 202 tacuerunt
1004 143 1159 202 nutscom
1292 196 1296 203 .

1720 150 1776 211 900

984 259 1069 329 repit,
1082 268 1109 314 et
1128 259 1275 330 quamlibet
1298 261 1395 316 malam
1416 263 1642 319 consuetudinem
1664 264 1779 338 adimus

983 362 1031 417 pel
1051 347 1163 417 qratiam
1185 350 1277 404 uincit.
1300 351 1389 406 Bellus
1410 352 1445 406 sit
1465 354 1599 419 nlinister,
1615 364 1644 411 et
1659 357 1778 426 quiescit

982 437 1172 493 ministerium.
1196 439 1272 495 Nilos
1296 439 1375 495 llubet
1398 456 1483 504 arlna,
1504 443 1550 497 sed
1571 446 1595 498 si
1616 461 1670 501 non
1693 448 1778 507 lerie-

982 528 1017 582 rit
1031 529 1083 599 (a),
1101 531 1166 585 nillil
1182 530 1282 587 iaciant
1296 548 1381 587 arnna.
1397 533 1441 588 Sic
1454 544 1480 589 et
1497 534 1587 605 lingua
1601 537 1626 592 in
1642 541 1775 600 menullris

982 623 1081 677 nastris
1091 639 1163 678 amm
1177 626 1273 681 animm
1288 634 1385 680 nostrae
1399 637 1472 681 sunt.
1486 627 1523 682 De
1535 628 1589 699 ipsa
1601 629 1703 689 dietum
1715 644 1775 691 est:

982 711 1128 782 lllquietum
1142 717 1237 770 malunt
1252 715 1363 787 (local.
1381 734 1418 772 ιιι.
1434 718 1451 773 8
1466 719 1484 780 l.
1501 717 1694 790 Olllquietunl!
1707 726 1777 794 Quis

982 803 1043 859 lecit
1053 806 1122 861 istud
1138 808 1308 874 malunl,nisi
1323 808 1522 878 iltqttieltts?Tu
1533 813 1587 866 noli
1601 816 1776 888 esseillquie·

982 903 1034 962 tas,
1044 905 1071 952 et
1085 914 1139 954 non
1154 908 1195 954 est
1210 899 1261 955 lloc
1274 901 1385 956 malam.
1398 901 1437 954 Τυ
1448 902 1500 956 nali
1509 903 1610 973 agitare
1620 908 1703 979 (ll),nt
1716 927 1774 967 non

980 996 1037 1051 est,
1052 1003 1111 1059 qnae
1125 1006 1154 1044 se
1168 991 1259 1061 agitet.
1275 990 1368 1060 Neque
1382 993 1454 1046 ellim
1470 994 1576 1049 anilnus
1591 1004 1651 1062 cst,
1666 1009 1698 1053 ut
1713 1016 1775 1056 mo·

980 1089 1087 1147 veatar3
1099 1080 1203 1151 Corpus
1213 1091 1254 1137 est
1266 1083 1350 1139 enim.
1365 1082 1452 1139 lacet.
1469 1084 1530 1139 Noli
1545 1103 1664 1156 movere,
1678 1100 1706 1148 et
1720 1108 1776 1149 non

980 1180 1113 1226 uincetur.
1129 1172 1197 1227 Vide
1208 1181 1314 1237 nullam,
1331 1174 1466 1244 quomodo
1481 1191 1573 1232 nlntes
1587 1179 1636 1251 (a).
1656 1181 1717 1250 lpsa
1732 1192 1777 1240 est

981 1258 1045 1327 ills,
1062 1260 1095 1315 de
1108 1278 1159 1332 qun
1176 1264 1251 1317 mulli
1268 1264 1406 1318 fraudibus
1424 1265 1576 1331 studentes,
1601 1278 1628 1324 et
1648 1273 1774 1330 avaritia·

980 1353 1146 1422 servientes,
1161 1370 1221 1427 culn
1237 1356 1369 1428 coeperint
1383 1356 1417 1410 de
1428 1359 1545 1427 negotiis
1559 1359 1657 1430 aliquid
1670 1377 1770 1433 agere,

980 1444 1090 1513 ejiciunt
1111 1447 1260 1502 memirunl
1285 1448 1384 1504 lactum
1407 1449 1440 1503 ad
1463 1450 1568 1506 landem
1595 1452 1663 1519 liei,
1687 1465 1714 1510 et
1734 1457 1774 1513 illi

980 1535 1168 1608 blasphement
1191 1540 1274 1594 Deum
1287 1581 1295 1607 ,
1309 1551 1336 1596 et
1349 1539 1442 1596 dicunt
1456 1558 1462 1594 :
1477 1542 1531 1598 Per
1543 1543 1697 1601 Christum!
1714 1557 1775 1604 tan·

980 1637 1036 1685 tum
1050 1633 1111 1698 emi,
1127 1643 1229 1689 tantum
1246 1633 1340 1689 tendo.
1356 1634 1469 1702 Quando
1485 1635 1527 1707 (d)
1544 1637 1710 1710 interrogati
1727 1649 1774 1698 te:

979 1719 1042 1777 lura
1068 1724 1151 1790 milli,
1172 1734 1300 1794 qnantum
1326 1726 1436 1780 tendis?
1460 1727 1516 1797 Ego
1538 1737 1564 1785 te
1586 1710 1772 1802 interrogati:

979 1825 1109 1883 quantum
1125 1815 1235 1870 vaurdis?
1251 1816 1347 1872 Decem
1364 1816 1471 1874 lollillus
1485 1819 1590 1885 velldo,
1605 1821 1699 1893 uiginti
1721 1824 1774 1880 lol-

980 1904 1051 1960 lillus
1064 1904 1113 1977 (e).
1129 1905 1180 1961 Per
1192 1905 1328 1963 Christum
1339 1908 1433 1979 juras?
1449 1909 1501 1966 Per
1514 1911 1610 1967 oculos
1625 1920 1686 1969 tuos
1697 1914 1772 1985 jura,

979 1998 1110 2069 petillius
1126 2008 1184 2055 tuos
1197 2000 1275 2070 jllru,
1289 2011 1316 2056 et
1337 2003 1394 2071 ipsa
1418 2003 1482 2058 liora
1505 2007 1689 2062 contremiscit
1702 2023 1772 2063 eon·

979 2091 1135 2146 salentino
1148 2092 1390 2164 ilnpietnslinguu!
1405 2094 1559 2152 Creatorem
1574 2100 1771 2170 contempsisti,

980 2193 1133 2239 creaturam
1145 2185 1296 2241 custodisti.
1320 2185 1494 2257 Oinquietum
1506 2188 1621 2258 malum,
1636 2192 1712 2260 plena
1730 2209 1773 2247 ce·

980 2276 1039 2330 neni
1051 2277 1174 2347 lltartisert‘
1183 2278 1194 2330 l
1209 2277 1242 2330 ln
1255 2278 1311 2347 ipsa
1327 2277 1494 2332 lelledicintus
1510 2278 1605 2346 Dalm,
1620 2291 1643 2336 et
1658 2281 1771 2337 Patrem.

980 2365 1065 2421 Deam
1075 2376 1184 2437 propter
1192 2377 1325 2431 naturam,
1335 2367 1439 2423 Patrem
1452 2381 1562 2440 propter
1572 2373 1697 2441 gratiam.
1708 2373 1773 2429 Elin

979 2458 1036 2527 ipen
1049 2459 1223 2515 maledicimus
1234 2461 1370 2526 dalilinenl,
1383 2464 1425 2531 qai
1441 2463 1525 2531 laetat
1537 2475 1574 2520 eat
1584 2467 1619 2520 ad
1634 2469 1771 2539 imaqillelll

980 2547 1029 2603 dei
1041 2550 1141 2621 (lecal.
1156 2568 1194 2618 nl,
1207 2553 1233 2618 8,
1250 2553 1290 2625 9).
1307 2555 1462 2624 Attendite,
1477 2556 1586 2627 tratres,
1600 2561 1666 2630 quid
1681 2572 1774 2633 porte·

981 2640 1028 2696 tis!
1043 2641 1112 2698 Eece
1125 2643 1201 2708 dico,
1218 2644 1281 2714 quid
1297 2656 1444 2714 portemus.
1459 2647 1492 2703 Ει
1510 2664 1561 2720 ego
1585 2651 1658 2706 enim
1681 2653 1775 2711 cobis·

980 2748 1040 2788 eum
1054 2733 1134 2788 llnnlo
1147 2751 1216 2790 sunl.
1232 2737 1285 2792 Sed
1299 2752 1477 2796 recurramus.

1016 2825 1060 2880 tv.
1078 2825 1193 2893 Exaudi,
1208 2829 1287 2896 Date,
1303 2833 1444 2886 elationem
1457 2850 1545 2890 meant.
1562 2834 1627 2892 lnde
1646 2847 1709 2892 stult
1730 2839 1773 2895 illi

979 2916 1075 2984 Jlluaet,
1089 2933 1156 2989 quos
1171 2920 1252 2976 modo
1266 2921 1292 2975 ill
1313 2923 1459 2995 Evangelio
1470 2925 1590 2997 legimus.
1604 2927 1703 3000 lltiqne
1719 2931 1773 2986 lin-

979 3024 1029 3078 qua
1044 3009 1104 3064 illos
1123 3010 1247 3080 perduxit
1265 3014 1299 3067 ad
1322 3024 1449 3070 nlortem.
1464 3016 1542 3072 Modo
1553 3020 1623 3074 enim
1636 3021 1664 3075 in
1680 3022 1773 3076 Evan-

979 3103 1050 3172 gelia
1062 3103 1223 3160 audivimas.
1246 3105 1442 3175 dddllxerunt,
1459 3110 1556 3180 inquit,
1572 3109 1660 3167 ludaei
1675 3131 1774 3183 quam·

979 3193 1040 3250 dam
1056 3196 1194 3251 nluiierem
1209 3197 1275 3253 licet
1292 3202 1461 3257 meretricem
1477 3202 1510 3257 ad
1531 3203 1676 3260 Dunlinnln
1690 3250 1698 3274 ,
1712 3217 1773 3263 ten·

981 3295 1066 3341 talltes
1080 3287 1165 3354 illum,
1179 3299 1206 3342 et
1219 3287 1342 3346 dicentes
1355 3307 1362 3344 ι
1376 3290 1511 3363 dlnqister,
1527 3295 1581 3349 lutee
1594 3298 1686 3351 mulier
1696 3299 1773 3355 laada

980 3377 1161 3446 comprensum
1185 3390 1222 3433 est
1243 3381 1269 3433 in
1294 3382 1419 3437 adulterio
1434 3382 1528 3451 (loon.
1544 3401 1602 3452 ullu,
1613 3388 1654 3458 ι).
1670 3388 1698 3443 ln
1714 3391 1773 3462 lege

980 3466 1079 3538 illapsis
1094 3469 1288 3537 scriptumest,
1304 3480 1333 3525 ut
1346 3488 1525 3546 quaecumque
1538 3475 1655 3534 fueritin
1669 3481 1773 3538 adulte·

979 3557 1021 3614 rio
1034 3559 1241 3630 comprehensa,
1258 3562 1402 3634 lapidetur.
1420 3564 1460 3620 Ta
1475 3568 1538 3638 quid
1552 3570 1639 3626 dicia?
1652 3572 1711 3642 liae
1723 3574 1773 3630 lin·

978 3667 1031 3722 qna
1042 3651 1159 3720 dicellat,
1170 3654 1217 3709 sed
1232 3667 1379 3713 creatorem
1392 3673 1445 3714 non
1457 3664 1630 3733 agnoscebat.
1642 3665 1773 3725 Nolellant

979 3743 1023 3798 isti
1039 3760 1127 3810 orare,
1142 3755 1171 3800 llt
1189 3746 1310 3805 dicerent
1322 3768 1328 3804 :
1341 3749 1421 3825 Eripe
1433 3737 1546 3810 animam
1559 3774 1641 3813 mant
1655 3777 1672 3813 a
1685 3762 1773 3832 linqua

979 3833 1067 3888 dolosa
1083 3834 1169 3908 (Paul.
1182 3854 1257 3905 cxlx,
1268 3839 1307 3912 2).
1325 3840 1422 3900 Dolose
1436 3845 1508 3900 enim
1524 3859 1706 3916 accesserant,
1721 3851 1774 3908 hac

980 3927 1050 3981 enim
1065 3929 1192 3986 uolebant
1213 3947 1302 4002 agere.
1317 3934 1432 3993 Venerat
1456 3940 1527 3995 enim
1542 3941 1671 3997 Dominus
1687 3963 1695 3998 :
1709 3945 1773 4000 Nan

981 4018 1061 4091 apem
1073 4022 1179 4088 tollen,
1195 4024 1240 4077 let
1254 4025 1358 4096 t'tttplere
1373 4013 1480 4095 (υυυ.
1495 4047 1520 4098 l,
1537 4032 1599 4104 ιι),
1615 4045 1641 4089 el
1657 4045 1773 4105 peccam

977 4111 1123 4169 dimittere.
1140 4115 1272 4170 Dixertlnt
1285 4134 1349 4190 ergo
1362 4122 1434 4188 npnd
1445 4138 1475 4177 se
1487 4123 1573 4180 ludaei
1588 4143 1595 4179 :
1611 4125 1640 4181 st
1651 4125 1771 4185 dixerit:

982 4203 1142 4274 Lapidetur!
1159 4207 1279 4263 dicemus
1292 4212 1317 4265 ei
1331 4229 1336 4263 :
1349 4211 1400 4268 Ulli
1411 4222 1463 4280 est,
1477 4215 1549 4286 quod
1563 4227 1672 4288 peecata
1683 4219 1774 4275 dimit·

978 4298 1032 4353 tis‘l
1046 4297 1102 4352 Non
1119 4306 1147 4352 tn
1161 4314 1208 4366 es,
1224 4302 1270 4370 qni
1284 4301 1372 4358 dicis:
1388 4303 1492 4359 Donata
1516 4319 1577 4363 lant
1600 4311 1644 4364 tili
1669 4322 1774 4377 peecata

980 4400 1023 4444 tua
1036 4389 1091 4462 (ld.
1103 4407 1140 4458 lt,
1153 4393 1185 4458 ὃς
1200 4392 1280 4448 llere.
1296 4411 1325 4460 n,
1338 4396 1480 4465 sesan.
1493 4417 1521 4467 v,
1532 4401 1599 4471 tm?
1613 4402 1643 4459 si
1653 4402 1772 4460 dixerit:

978 4482 1145 4538 llilnittatar!
1161 4484 1282 4543 dicemus
1296 4489 1366 4546 :Ulli
1390 4502 1449 4560 est,
1465 4494 1537 4564 quod
1563 4496 1650 4568 legem
1674 4499 1772 4555 venisti

975 4573 1135 4646 adimplere,
1149 4593 1201 4634 non
1216 4579 1340 4637 solvere?
1353 4581 1449 4639 Videte
1465 4585 1584 4658 lingnam
1599 4588 1724 4644 dolosam
1738 4590 1772 4645 ad

980 4664 1075 4722 Deum.
1102 4667 1167 4734 llle,
1189 4671 1234 4741 qui
1251 4683 1361 4741 uerterat
1375 4674 1541 4747 redemptor,
1559 4694 1613 4733 non
1628 4679 1773 4735 danlnator

982 4755 1100 4828 (venerat
1115 4759 1186 4814 enim
1212 4763 1350 4830 redilllere,
1366 4765 1434 4835 quad
1456 4768 1564 4836 perierat
1579 4768 1689 4841 (llattll.
1706 4787 1772 4839 xm,

980 4847 1025 4919 ιι)
1037 4864 1148 4907 aversus
1159 4861 1201 4906 cst
1211 4854 1245 4907 all
1257 4853 1332 4924 ipsis,
1346 4857 1421 4925 quasi
1434 4859 1594 4928 conspicere
1605 4877 1655 4917 eos
1668 4861 1772 4918 nolens.

980 4937 1037 4995 Nan
1050 4951 1127 4997 uacat
1140 4945 1244 5001 aversio
1258 4945 1307 4999 ista
1330 4946 1364 5001 all
1386 4948 1461 5018 ipsis.
1486 4951 1653 5024 llltellipitur
1673 4954 1776 5024 aliquid

1023 5130 1039 5227 q
1064 5118 1104 5226 {qa
1115 5121 1197 5191 scripti
1205 5133 1249 5182 pro
1261 5133 1267 5169 :
1281 5122 1374 5193 lecerit,
1388 5125 1453 5196 quod
1463 5124 1555 5178 hubent
1566 5130 1726 5180 memtnauae.

1088 5188 1164 5229 ecans
1175 5178 1277 5231 fortasse
1290 5197 1296 5231 :
1309 5191 1407 5248 aquarn

1025 5246 1049 5350 q)
1065 5240 1169 5290 Videtur
1179 5243 1316 5294 excidisse:
1330 5245 1446 5310 linquam.

1044 5305 1053 5363 )
1069 5300 1151 5352 Codex
1162 5301 1238 5355 habet
1248 5318 1254 5352 :
1264 5313 1350 5379 Quare.

983 5364 1777 5501 ...titttt.lttt.ltt.⁰tt?t.t⁰⁰t{ittttt..⁰⁰⁰.l:

983 5486 1038 5534 dam
1060 5485 1217 5539 Nummorum
1229 5493 1323 5553 specie,
1346 5492 1378 5542 de
1394 5506 1441 5556 qua
1454 5446 1510 5547 uiCe
1521 5495 1677 5550 &unaldum
1687 5456 1778 5554 tn‘iua.

983 5545 1016 5595 ad
1038 5555 1343 5618 semmnesnuqlatepp.
1364 5554 1392 5604 Τ.
1417 5554 1437 5604 Ι.
1461 5557 1541 5610 earu.
1559 5560 1632 5612 1696.
1655 5563 1703 5613 col.
1721 5565 1778 5618 ὅιι.

981 5604 1041 5669 ipse
1049 5607 1075 5658 S.
1088 5609 1178 5662 Doctae
1190 5612 1267 5666 ralla
1277 5623 1395 5666 memorat
1406 5615 1435 5667 Τ,
1448 5618 1478 5669 t.
1487 5616 1533 5672 eal.
1542 5620 1600 5672 tte.
1614 5629 1642 5675 ct
1652 5624 1724 5677 1499.
1773 5674 1781 5689 ,
