3854 6128
136 280 223 359 (Prot-
237 257 322 347 xxxv,
338 273 394 356 lll-
410 272 485 351 porte
498 271 580 341 vitam
594 311 602 335 .
618 268 684 335 tollo
698 267 799 329 tumne.
816 264 926 329 nabebo

135 372 218 431 vitam
232 412 240 437 ,
256 365 358 427 habebo
371 364 472 441 lumen.
488 358 597 425 {iubebo
609 360 700 433 vitam,
712 355 757 423 ubi
772 366 798 412 te
811 371 864 411 uon
878 369 927 427 pa-

136 442 188 522 tiar
200 458 417 523 interfectorem,
433 452 537 510 habebo
552 450 663 518 lumen,
685 449 756 521 qtrod,
772 447 856 516 urilri,
872 462 928 524 uon

136 554 224 627 dicam
246 563 292 620 tu,
317 548 364 607 sed
388 563 438 606 nec
461 540 591 601 nlln'nox
614 540 697 617 possit
720 538 836 605 traiecto.
858 537 929 595 licit

136 644 246 720 Martyr,
260 659 294 699 an
308 638 409 715 aliquid
424 636 494 715 aliud
506 645 556 709 cst,
573 635 616 703 ubi
628 632 713 704 majus
723 641 861 695 certamen
872 645 929 703 sps·

137 749 211 797 ctare
236 730 401 797 debeamus?
427 730 485 799 Non
512 729 627 797 minatur
650 735 782 793 mortcm;
806 724 881 783 sevir
902 723 929 789 io

137 832 271 907 salntem,
287 836 383 903 exarat
403 825 529 898 lingulis,
550 820 685 883 excruciat
699 818 856 886 tormentis,
876 817 930 881 urit

138 924 273 1002 hanimis,
296 918 421 977 admouet
443 916 562 980 bestias;
586 922 613 973 et
636 912 678 968 liic
696 909 821 973 vincitur.
842 909 930 975 Quare

138 1017 273 1099 vincitur?
287 1015 353 1083 Quin
365 1015 392 1067 in
406 1012 445 1067 hic
464 1008 579 1065 orrrm'hna
592 1002 789 1076 supervincimus
803 1018 849 1074 per
861 1017 929 1070 cent,

138 1115 182 1185 qni
194 1112 281 1168 ditexit
291 1126 336 1165 not
349 1106 435 1180 (uon.
452 1119 509 1170 vur,
525 1101 582 1172 57).

175 1203 220 1260 ll.
236 1202 326 1271 Ergo,
343 1199 439 1254 iratres
452 1195 504 1251 urei
517 1236 524 1260 ,
541 1207 596 1249 noo
608 1199 720 1263 negetur
734 1187 856 1245 Christus
869 1200 931 1259 pro·

139 1305 198 1371 pter
207 1290 352 1364 superflua,
367 1303 420 1344 non
433 1291 660 1359 negeturpropter
669 1279 830 1337 necessaria.
839 1277 933 1333 Nullus

138 1387 198 1461 ipso
223 1395 265 1443 est
291 1383 375 1453 magis
401 1377 578 1435 necessarius.
602 1373 759 1431 Necessaria
780 1370 930 1425 dicebam:

139 1481 259 1538 Salutem
281 1486 307 1532 ct
331 1473 464 1531 Amicum·
489 1471 588 1526 Peccas
611 1477 719 1538 propter
745 1464 885 1529 Salutem,
906 1471 933 1519 ct

140 1584 221 1642 negas
236 1566 382 1623 Christum.
396 1561 519 1618 limando
533 1560 651 1618 Salutem
663 1572 715 1613 uon
732 1555 842 1611 babebis
854 1552 933 1611 Salu-

139 1673 204 1721 tem.
220 1662 318 1719 Peecas
330 1665 440 1729 propter
453 1655 575 1711 buricum
587 1662 681 1718 tunm,
698 1659 741 1717 et,
756 1664 790 1704 ne
805 1648 877 1704 illum
892 1646 933 1703 ol-

139 1753 242 1819 lendas,
273 1766 354 1822 aegris
378 1747 522 1805 Christum.
549 1744 607 1800 llcu
633 1757 676 1799 mc
698 1740 847 1800 miserum!
875 1739 934 1797 nti-

140 1847 247 1919 quando
268 1843 451 1902 erubescendo
466 1848 588 1911 negatur.
603 1837 662 1894 Nun
675 1838 752 1894 saevit
765 1845 934 1983 persccqor,

141 1954 195 1996 nou
224 1938 341 2008 expoliat
366 1932 554 2005 depraedator,
590 1946 643 1986 non
675 1929 806 1985 incumbit
832 1938 935 1996 totor;

140 2037 243 2085 tantum
268 2042 301 2083 ne
323 2026 464 2096 displiceas
488 2023 574 2077 arnico
599 2032 663 2087 tuo,
687 2034 769 2091 negas
792 2018 935 2073 boruiuum

142 2130 227 2176 tuum.
243 2117 348 2186 Video,
364 2115 427 2188 quid
452 2115 498 2169 tibi
513 2112 656 2169 abstulerit
675 2110 796 2173 amicus,
812 2109 936 2177 ostende,

141 2211 204 2284 quid
219 2208 302 2284 dabit.
318 2208 387 2276 Quid
410 2207 504 2264 dabit?
529 2205 602 2275 lpsas
624 2202 778 2266 amicitias,
802 2218 848 2271 per
870 2215 937 2271 quas

141 2318 252 2375 pecces,
271 2317 318 2373 per
332 2316 398 2372 quas
420 2298 585 2361 involvaris,
602 2310 649 2365 per
670 2309 736 2364 quas
752 2293 875 2349 iuimicus
889 2292 938 2348 bei

141 2392 276 2450 efficiaris.
294 2393 347 2447 lste
362 2392 408 2447 tibi
424 2392 525 2446 artuicus
541 2404 594 2443 ιιοιι
609 2396 698 2450 esset,
713 2387 737 2441 si
751 2395 778 2439 tn
793 2385 838 2441 tihi
851 2399 937 2441 esses.

142 2480 332 2554 sedquoniam
355 2483 412 2552 ipse
436 2480 560 2536 inimicus
579 2494 609 2533 es
630 2476 698 2543 tibi,
719 2475 834 2541 amicum
862 2488 940 2545 putus

142 2575 280 2632 inimicum
307 2573 364 2629 tibi.
387 2571 465 2628 Unde
487 2583 577 2626 antem
597 2569 655 2639 ipse
677 2569 802 2624 iuimicus
816 2582 846 2623 es
874 2568 939 2623 tibi?

142 2664 209 2734 Quia
224 2681 299 2721 amas
323 2664 501 2737 iniquitatem.
519 2662 568 2730 Qui
583 2671 667 2715 nutent
681 2669 749 2714 crnot
769 2661 938 2729 t‘nr‘mtr'tutcm,

142 2757 196 2812 odit
216 2756 328 2810 nnirnom
355 2772 428 2809 suern
443 2752 529 2823 (Psoi.
555 2769 589 2818 x,
616 2751 656 2823 6).
671 2750 722 2806 Sed
751 2767 804 2803 non
829 2760 939 2820 {regatur

142 2844 263 2905 Christus
280 2857 310 2901 ut
324 2847 411 2901 amieo
426 2844 508 2914 impio
530 2854 557 2899 et
573 2855 700 2912 perverso
714 2841 868 2912 placeatur,
886 2855 940 2897 nou

143 2946 272 3011 negatur,
296 2937 342 2993 sed
362 2936 396 2991 ah
417 2934 499 3006 impio
522 2933 706 3005 vituperatur,
730 2934 766 2987 ab
791 2933 873 3002 impio
896 2947 940 2987 uc-

143 3039 270 3095 tuantur,
296 3036 324 3083 et
347 3042 362 3080 a
384 3026 454 3081 suleli
474 3024 657 3080 erubescendo
684 3039 738 3078 oon
766 3021 940 3089 rlelerrditur,

144 3119 286 3184 deseritur,
313 3126 434 3183 tacetur,
463 3130 515 3168 non
544 3113 713 3183 praedicatur.
745 3110 829 3169 Surnit
853 3113 940 3183 lingua

144 3210 373 3283 blasphemantis,
393 3219 420 3263 et
440 3208 510 3262 nrrlla
525 3216 567 3261 est
582 3206 725 3261 laudantis.
747 3208 850 3273 errnua
872 3205 941 3263 mala

145 3305 346 3362 committuntur
359 3302 433 3372 qnasi
449 3315 497 3369 pro
522 3298 700 3365 necessariis,
716 3312 764 3367 pro
780 3297 872 3364 rictu,
894 3311 941 3367 pro

145 3408 317 3471 tegumento,
341 3410 389 3466 pro
404 3394 506 3457 salute,
523 3406 570 3462 pru
596 3392 700 3454 antico,
718 3401 744 3445 ct
767 3392 856 3444 ornain
879 3392 940 3457 ista,

145 3505 205 3562 qum
219 3496 397 3559 appetuntur,
413 3486 498 3556 iungis
513 3485 641 3554 pereunti
667 3481 695 3538 Si
719 3498 784 3537 reru
800 3484 942 3552 praesentia

110 3618 114 3625 ·
146 3580 356 3653 contempseris,
380 3577 454 3632 dalrit
482 3577 527 3631 tibi
558 3576 627 3630 Deus
653 3583 764 3630 mtcrna.
794 3574 941 3629 Coruemne

146 3674 280 3739 salutem,
301 3671 412 3727 habebis
439 3666 680 3724 immortalitatem.
703 3666 852 3720 Contemne
868 3679 941 3721 ntor-

147 3774 211 3832 tem,
236 3764 346 3820 habebis
370 3764 461 3817 vitam.
483 3761 631 3816 Contemrre
658 3757 807 3823 honorent,
830 3755 942 3815 habebis

148 3873 288 3914 coronam.
318 3854 468 3911 Conteruue
493 3852 607 3906 amicum
643 3849 799 3914 hominem,
832 3848 942 3903 babebis

147 3952 262 4008 amicum
277 3948 372 4005 Deum
388 3945 441 4002 Sed
455 3945 520 4010 illic,
536 3944 580 3998 nbi
591 3942 706 3998 arricum
721 3940 833 3996 habebis
848 3942 939 4008 ileum,

150 4042 306 4099 sinearrrico
323 4039 446 4111 proximo
459 4051 512 4091 nou
528 4037 591 4090 eris.
608 4033 645 4088 tbi
656 4042 742 4088 tecum
759 4033 837 4085 antici
852 4040 940 4099 crunt,

149 4147 263 4204 quorum
289 4127 360 4183 iacta
380 4136 408 4182 et
426 4126 608 4182 eorrlessioues
629 4123 710 4195 paulo
730 4129 792 4176 aitte
818 4121 944 4191 legeban-

149 4224 255 4295 turta).

185 4316 242 4372 tlt.
267 4313 426 4372 Audivimus
448 4310 527 4367 Viros
552 4307 657 4364 sortiter
682 4313 812 4378 agentes,
829 4302 943 4371 viriliter

148 4411 319 4469 conliteutes.
336 4406 491 4464 Audivimus
506 4412 534 4460 et
547 4400 684 4458 Foemiuas
694 4397 731 4473 (i)
750 4413 802 4453 non
817 4406 942 4468 tanquam

150 4503 275 4558 immines
295 4508 416 4556 tenentes
431 4494 588 4560 Christum,
609 4494 706 4549 oblitas
721 4507 825 4548 sexum.
842 4488 879 4545 lbi
893 4486 944 4545 erit

152 4607 214 4648 cum
235 4592 293 4646 istis
306 4590 350 4645 illa
365 4587 493 4650 auricilla,
510 4586 554 4639 ubi
575 4584 647 4637 auhn
667 4584 719 4638 erit
737 4581 826 4637 camis
843 4594 944 4636 eoncu-

150 4682 300 4755 piscentia,
328 4690 355 4734 et
381 4679 438 4733 sola
465 4677 517 4733 erit
541 4690 600 4729 cum
628 4672 722 4728 amicis
744 4671 776 4739 ad
802 4668 943 4727 fruendum

153 4775 295 4845 sapientia.
320 4771 390 4827 Eece
413 4770 476 4843 quid
493 4768 644 4840 perdimus,
669 4768 693 4823 si
715 4781 745 4823 eu
769 4764 812 4819 lrie
837 4781 946 4822 amare·

150 4869 254 4932 rimus,
270 4873 297 4921 et
313 4864 448 4920 Christum
471 4859 675 4932 negaverimus!
694 4857 834 4914 Proximus
849 4856 945 4914 ibinus

151 4976 205 5018 noo
222 4966 313 5025 terret,
329 4957 350 5012 si
366 4955 509 5012 moriatur.
524 4953 620 5008 Nullus
631 4952 666 5007 lbi
676 4953 772 5016 luctus,
789 4950 832 5005 nbi
844 4960 944 5007 :eterna

151 5052 204 5110 uita
221 5050 291 5116 erit,
307 5063 357 5104 nec
370 5046 435 5102 illud
448 5045 629 5102 necessarium
644 5051 703 5110 est3
724 5040 822 5096 Victum
835 5053 858 5096 ct
872 5053 945 5113 tepu-

151 5154 263 5200 mcntum
286 5139 403 5194 hebentes
431 5138 469 5193 his
495 5136 604 5191 ιοιιιιιιιί
626 5135 714 5190 rimus.
744 5132 830 5189 Vestis
854 5142 945 5190 nostra

153 5234 339 5295 immortalitas
353 5233 414 5298 erit,
431 5231 506 5286 cibus
517 5231 569 5286 istu
581 5230 698 5284 charitas
708 5227 768 5292 erit,
780 5231 831 5282 vita
845 5237 945 5299 aeterna

154 5332 215 5395 erit,
229 5342 278 5384 nec
300 5340 381 5398 opera
403 5324 439 5379 lbi
460 5323 550 5389 bona,
575 5320 688 5395 quarab
711 5320 752 5377 his
765 5322 945 5397 appellantur,

153 5421 292 5478 iaciemus.
313 5418 354 5475 dd
372 5432 404 5474 ea
426 5432 478 5471 ooo
499 5415 705 5486 perveniemus,
728 5414 750 5469 si
775 5413 818 5468 hic
839 5428 870 5469 ea
891 5429 944 5481 non

187 5568 899 5699 ltllhtbttmttltlhttlttmmtm.

498 156 611 214 sunno
631 150 714 221 XVll,
735 151 768 209 tu
805 147 1048 215 SOOEMMOEATE
1065 152 1114 213 88·
1135 153 1420 214 uocunbmbttbtt.

1723 156 1778 215 i'ld

983 264 1137 335 iecerimtts.
1151 269 1209 326 Non
1226 271 1273 329 tibi
1288 270 1393 329 dicetur
1408 290 1415 326 :
1432 273 1537 344 Franco
1549 275 1670 333 anieno
1682 291 1775 345 patrm

983 358 1233 431 mauretaniarum
1254 361 1299 431 l),
1318 363 1363 418 ubi
1387 362 1472 419 tames
1494 380 1548 421 oon
1569 366 1630 423 erit.
1653 367 1711 424 Non
1727 369 1774 427 tibi

983 448 1088 509 dicetur
1103 469 1109 506 :
1123 450 1235 524 Suscipe
1258 453 1384 525 hospitio,
1399 454 1444 510 ubi
1468 456 1569 511 nullum
1591 456 1711 515 invenies
1728 475 1778 531 pe·

984 542 1131 614 regrinnm.
1151 544 1209 600 Non
1225 545 1273 600 tihi
1295 545 1419 601 dicetur:
1435 546 1530 603 Libera
1545 562 1714 617 oppressum,
1729 551 1778 608 ulti

983 635 1073 690 nullus
1096 636 1220 692 iuimicus
1244 637 1306 693 erit.
1330 636 1389 692 Non
1414 638 1461 693 tibi
1486 638 1613 694 dicetur:
1636 641 1776 700 Corrcorda

983 723 1149 797 brigiosum,
1164 729 1208 784 ubi
1225 739 1390 798 parentemn
1405 731 1468 787 crit.
1483 730 1589 797 Videte,
1600 731 1697 789 iratres
1711 736 1776 801 orel,

983 819 1119 889 quomodo
1141 819 1185 876 hic
1206 821 1335 876 toleretur
1349 822 1504 890 obtinendo.
1521 822 1557 877 lbi
1580 838 1639 879 eam
1665 823 1777 883 habebi·

985 911 1122 974 mus,ubi
1146 912 1232 980 'tertre
1259 927 1311 966 uon
1335 927 1488 980 possumus.
1512 912 1632 971 Salutem
1659 917 1778 986 qrrmrisi

984 1000 1144 1069 Contemne,
1163 1014 1191 1059 ct
1205 1004 1326 1060 habebis.
1343 1004 1429 1075 Negas
1448 1006 1585 1061 Christum
1602 1008 1720 1063 timendo
1740 1008 1781 1064 oi-

984 1094 1095 1151 leudere
1107 1097 1240 1151 amicitias
1261 1097 1409 1153 bominum.
1425 1098 1560 1155 Confitere
1578 1100 1734 1169 Christum,
1751 1111 1779 1159 et

985 1185 1070 1241 amica
1085 1186 1132 1241 tibi
1151 1188 1202 1241 erit
1221 1188 1315 1242 civitas
1335 1190 1516 1258 Angelorum,
1539 1192 1633 1247 civitas
1657 1193 1778 1250 Parcior·

986 1277 1109 1343 citarum,
1125 1277 1219 1333 civitas
1234 1279 1450 1348 Prophetarum,
1466 1282 1560 1337 civitas
1576 1285 1778 1353 apostulorum,

987 1367 1080 1422 civitas
1093 1369 1212 1423 orrntium
1227 1370 1392 1441 ldartyruur,
1406 1374 1499 1427 ciritns
1512 1376 1632 1430 omnium
1647 1378 1779 1434 benorum

987 1459 1129 1515 Fidelium.
1156 1462 1279 1517 Christus
1302 1465 1359 1534 ipsc
1381 1463 1514 1521 Frnulocit
1537 1483 1592 1522 cnm
1612 1470 1640 1523 in
1661 1478 1781 1528 utcrrrvttt

987 1548 1074 1620 (Prot.
1088 1568 1172 1620 xtvtt,
1188 1554 1228 1625 9).

1278 1685 1393 1744 stulto
1405 1687 1486 1744 xvh.

1095 1820 1128 1874 ln
1140 1821 1298 1876 solemnitate
1320 1821 1374 1878 SS.
1401 1822 1670 1896 ilochcioeorumltt).
1737 1893 1742 1905 .

1299 1956 1470 2015 stubrstS.

990 2088 1015 2144 l.
1031 2088 1120 2159 Effera
1136 2089 1289 2160 livonpclieu
1304 2091 1337 2143 oct
1353 2107 1439 2147 cornea
1465 2101 1552 2151 oerotee
1579 2096 1714 2164 pertinent.
1737 2097 1783 2155 tt.

1026 2180 1162 2252 Ecpositro
1179 2181 1315 2235 Purclrolte
1328 2183 1360 2236 dc
1380 2179 1470 2238 Turris
1485 2185 1592 2256 fabrica,
1606 2195 1630 2241 ιι
1642 2188 1674 2243 dc
1688 2188 1786 2251 duobus

1027 2275 1148 2345 llcpilruc.
1176 2273 1236 2328 tlt.
1261 2276 1504 2332 noctemnoctem
1531 2278 1704 2337 crtrrtClvristo
1725 2299 1787 2339 con·

1028 2384 1139 2438 premas.
1155 2365 1167 2418 l
1178 2365 1207 2420 ι’.
1231 2366 1293 2421 Post
1316 2369 1452 2436 Apostolos
1478 2378 1500 2423 ιι
1522 2368 1610 2425 tndaer'
1624 2375 1749 2438 convcrri,
1763 2384 1789 2435 at

1029 2460 1146 2527 deinceps
1162 2458 1235 2512 nrntu'
1247 2459 1384 2513 Christiani
1398 2461 1471 2514 rebus
1482 2463 1534 2514 cuia
1548 2464 1737 2519 recnuntitrmut.
1754 2465 1787 2525 Y.

1030 2550 1161 2615 eroomdo
1180 2551 1310 2618 prolrnnrtu
1326 2550 1426 2605 Christo
1442 2552 1505 2619 fider
1518 2553 1556 2607 net
1568 2553 1595 2607 in
1617 2555 1785 2622 qrtctidimtit.

1036 2640 1300 2710 l'1.rldprohnndurrr
1323 2642 1400 2709 fidem
1415 2643 1524 2697 excitare
1536 2643 1627 2699 debent
1642 2643 1787 2703 Prcrru'cco.

1032 2731 1098 2785 Vll.
1122 2732 1340 2785 Mcclrulrmcrunr.
1367 2733 1499 2787 Certmncn
1526 2734 1647 2790 tulletum
1673 2740 1789 2809 proponis

1029 2826 1200 2895 Spectaculis.
1219 2823 1300 2876 l'lll.
1315 2823 1498 2879 Dricca-terion
1520 2827 1637 2897 proponit
1650 2826 1789 2898 Spectacu-

1030 2916 1073 2971 lis.
1088 2915 1140 2969 ta.
1158 2915 1307 2970 Deltcrtutio
1321 2917 1476 2969 continuato.
1873 2892 1879 2913 Ι

1031 3054 1052 3105 l.
1068 3050 1256 3121 Evangelium,
1285 3059 1311 3103 et
1327 3049 1437 3105 verbum
1465 3050 1510 3104 bei
1538 3052 1638 3118 virum,
1659 3053 1791 3111 medullas

995 3146 1092 3199 animm
1108 3152 1262 3212 pierretraus,
1278 3148 1305 3193 et
1320 3140 1454 3195 cardinem
1467 3140 1557 3196 cordis
1570 3144 1706 3212 inquirens
1715 3138 1791 3201 salu·

995 3238 1079 3291 briter
1102 3236 1235 3303 protertur
1247 3233 1369 3287 omnihus
1384 3234 1470 3295 uoltis,
1487 3248 1535 3287 nec
1557 3250 1714 3306 quemqnam
1730 3238 1791 3308 pal·

995 3338 1048 3399 put.
1066 3329 1088 3380 si
1103 3344 1131 3380 se
1142 3328 1222 3380 lrouro
1239 3341 1291 3378 rtou
1307 3323 1405 3395 palpet.
1422 3325 1492 3381 Ecce
1506 3328 1671 3396 propositum
1687 3339 1729 3385 cst
1739 3345 1791 3388 tto·

995 3423 1035 3475 bis
1051 3424 1119 3475 uelut
1134 3420 1290 3490 speculum,
1308 3421 1334 3472 in
1354 3435 1407 3488 uuo
1423 3434 1473 3474 nos
1499 3433 1592 3475 ournes
1607 3421 1790 3492 aspiciamus,

995 3524 1031 3577 ct,
1044 3514 1064 3566 si
1076 3512 1138 3582 qrrirt
1156 3510 1188 3564 de
1200 3510 1266 3563 taric
1281 3518 1370 3564 nostra
1386 3509 1497 3564 trimitan
1518 3513 1683 3567 maculosum
1696 3528 1792 3570 occur·

995 3605 1060 3657 rerit
1073 3603 1223 3672 aspectibus
1241 3602 1348 3666 riustris,
1361 3617 1422 3656 crura
1436 3602 1550 3658 sollicita
1561 3602 1740 3675 detergamus,
1756 3620 1792 3662 ue

996 3713 1089 3752 rursus
1114 3698 1234 3765 iuspecto
1252 3696 1361 3765 speculo
1383 3697 1583 3752 erubescamus.
1609 3696 1697 3755 Turba
1719 3688 1793 3757 culm

998 3789 1137 3843 Doruimrrr.
1159 3787 1329 3855 sequebatur,
1347 3787 1426 3851 sicut,
1445 3787 1620 3857 Evangelium
1633 3803 1694 3843 cum
1717 3790 1792 3860 lege·

996 3890 1079 3943 retur,
1094 3880 1251 3943 nimiminus,
1279 3887 1307 3932 ct
1321 3893 1467 3932 turriuersus
1496 3880 1600 3934 locutus
1615 3888 1657 3934 cst
1679 3879 1712 3934 ad
1728 3896 1791 3949 eos,

996 3976 1039 4044 qui
1054 3990 1113 4027 [ntur
1139 3974 1328 4042 sequebantur.
1352 3974 1429 4033 brun
1445 3973 1466 4025 si
1481 3985 1522 4035 eu,
1549 3986 1608 4039 utrm
1628 3973 1704 4038 dixit,
1728 3975 1793 4030 solis

997 4067 1048 4119 illis
1059 4066 1198 4118 duodecim
1207 4064 1342 4131 apostolis
1356 4064 1519 4130 loqrrerctur,
1530 4071 1633 4130 poterat
1647 4045 1792 4135 uuusquis-

996 4169 1049 4224 que
1070 4164 1191 4207 nostrum
1214 4153 1328 4207 dicere:
1345 4150 1499 4218 lllisdirtit,
1528 4165 1580 4206 uon
1598 4154 1685 4208 uobis.
1710 4156 1790 4214 atiud

996 4245 1100 4299 videtur
1120 4245 1253 4311 pertinere
1277 4241 1309 4294 ad
1326 4250 1459 4311 pastores,
1476 4242 1547 4296 aliud
1572 4240 1605 4297 ad
1619 4258 1724 4315 greges.
1740 4247 1792 4303 Se·

997 4334 1138 4405 uirentibus
1153 4333 1237 4387 turbis
1251 4333 1328 4397 dixit,
1344 4341 1447 4404 ergoet
1464 4333 1541 4388 nobis
1555 4334 1689 4400 omnihus,
1704 4347 1731 4391 ιι
1745 4352 1793 4391 vo-

997 4428 1038 4484 bis
1051 4428 1176 4481 omnihus
1192 4425 1269 4481 dixit.
1287 4426 1356 4491 Non,
1369 4426 1430 4496 quia
1451 4434 1513 4480 tutte
1529 4427 1647 4482 rrorrdnm
1662 4443 1790 4500 cranius,

998 4520 1057 4574 ideo
1068 4519 1146 4573 nobis
1159 4535 1211 4573 nun
1226 4533 1287 4574 esse
1302 4518 1402 4573 dietum
1414 4527 1508 4587 putare
1521 4516 1659 4576 debemus.
1673 4522 1701 4576 ln
1716 4523 1792 4580 illum

998 4611 1109 4665 enimet
1123 4625 1171 4664 nos
1186 4610 1332 4674 credimus,
1350 4624 1430 4679 qrrem
1446 4610 1483 4662 illi
1504 4611 1638 4675 viderunt,
1654 4613 1728 4669 illum
1741 4629 1793 4672 uos

998 4701 1050 4757 lide
1062 4710 1195 4767 tenemus,
1219 4716 1297 4770 quem
1314 4699 1352 4754 illi
1368 4699 1454 4754 oculis
1466 4713 1673 4770 conspexerunt.
1698 4705 1791 4778 Neque

998 4794 1069 4848 enim
1092 4793 1176 4847 oculis
1204 4791 1356 4846 carnalibus
1381 4791 1472 4847 videre
1495 4791 1643 4863 Christum,
1665 4812 1791 4869 magnum

998 4886 1056 4939 luit.
1073 4884 1103 4939 Si
1118 4886 1169 4938 hoc
1195 4898 1320 4953 magnum
1344 4884 1448 4949 luisset,
1463 4884 1615 4942 Judaeorum
1628 4903 1692 4958 gens
1707 4890 1793 4958 prima

998 4980 1111 5034 sulutem
1125 4977 1285 5032 invenisset.
1298 4976 1379 5032 Certe
1393 4979 1500 5033 enimet
1514 4979 1552 5032 illi
1565 4980 1698 5049 vldernnt,
1712 4992 1739 5038 et
1753 4974 1795 5039 tass

1030 5133 1066 5204 (o)
1082 5132 1111 5204 lu
1128 5131 1214 5185 Codice
1227 5131 1268 5196 sol.
1281 5132 1321 5192 to,
1333 5146 1358 5196 p.
1377 5132 1400 5183 2.
1415 5132 1543 5194 trascriptus
1562 5138 1644 5185 scruto
1655 5135 1733 5189 scunt
1744 5148 1793 5191 Art«

998 5203 1087 5257 unstrut
1109 5206 1149 5255 ep.
1163 5203 1191 5243 tn
1210 5193 1292 5245 tt'rrtctc
1312 5199 1450 5245 smctornnr
1472 5191 1672 5245 rinctratraeormn.
1690 5196 1795 5251 Illustrls

999 5260 1085 5308 Sermo
1097 5263 1150 5318 riost
1160 5258 1388 5306 ecmnreotationem
1399 5256 1424 5302 in
1436 5262 1490 5304 tur.
1505 5266 1553 5315 mr,
1563 5254 1603 5316 Ἀ,
1614 5260 1729 5309 etnntctr.
1738 5254 1793 5323 xrx',

1000 5322 1039 5370 tb.
1052 5321 1211 5383 animatisque
1233 5319 1262 5368 ad
1282 5318 1490 5380 perseverantiam
1501 5316 1628 5369 l‹'idelibrrs
1645 5321 1669 5368 iu
1692 5323 1794 5430 'rectam

999 5380 1143 5442 Spectacula
1156 5381 1287 5429 inuehitur.
1300 5377 1405 5427 Habitus
1417 5385 1455 5427 est
1466 5379 1496 5425 ab
1513 5378 1690 5442 Augustiuolln

1000 5445 1143 5506 glannam
1154 5441 1266 5503 Episcopi
1274 5439 1394 5491 Civitatis.
1407 5437 1556 5490 Proedicalrat
1570 5442 1636 5490 euim
1651 5440 1750 5503 Noster,
1767 5450 1796 5498 ut

1000 5509 1035 5554 ait
1047 5502 1171 5553 l’essidius
1182 5502 1243 5552 r‘itm
1262 5514 1284 5551 e.
1302 5504 1326 5571 ιι.
1349 5499 1432 5551 nonin
1453 5515 1500 5553 torn
1520 5507 1614 5555 tuntum
1633 5508 1738 5568 reporta,
1751 5509 1796 5560 aad

1000 5565 1255 5676 rrhcnrruptcccrrcpntna
1266 5567 1375 5618 tummct.
1389 5561 1537 5615 merendus
1556 5562 1662 5619 ldlitiooi
1670 5577 1724 5635 post
1740 5578 1795 5623 ser·

1001 5638 1095 5678 mum
1117 5635 1122 5645 ¹
1173 5659 1180 5671 v
1425 5630 1428 5637 Ι

1704 5383 1732 5432 lae
1744 5383 1794 5436 lle·
