3854 6128
143 263 195 326 vii

141 399 174 441 re
184 381 329 454 plurimum
340 386 368 436 et
377 377 510 435 bonorem
519 383 615 440 testor,
630 383 657 430 et
670 375 800 444 gratiam;
815 374 861 444 qui
874 374 933 444 qui·

141 473 204 530 dem
213 483 309 528 omncs
323 482 463 525 sermones
475 468 542 523 istos
555 467 565 536 (
576 475 642 536 quot
655 479 753 534 nempe
773 479 828 533 prce
850 464 934 519 ocrilis

142 563 281 636 habuere)
298 563 417 620 unanimi
438 574 522 633 prope
543 558 645 630 judicio
667 572 750 612 nouos
774 556 933 627 pronuntia-

141 666 222 723 runt,
250 668 356 711 necoon
383 661 413 709 et
435 650 657 723 Augustinianam
681 648 805 704 redolere
828 645 934 701 dicendi

141 750 255 806 lormam
271 766 278 804 :
292 748 355 818 quin
368 754 395 802 et
407 744 442 801 ab
455 745 489 800 iis
502 743 609 800 additos
624 743 689 797 mihi
700 743 823 797 stimulos
836 741 933 809 lateor,

140 841 174 897 ad
189 840 252 896 illos
263 853 344 910 quam
358 838 439 895 citius
451 836 550 908 publici
562 835 631 905 iuris
646 832 795 889 iaciendos.
809 832 931 899 erorum

140 931 296 988 mehercule
319 929 538 1000 gratissimorum
557 926 695 981 homiuum
716 932 743 978 et
762 923 892 989 stimulis,
905 932 933 978 et

140 1024 210 1080 rotis
224 1023 338 1093 amplius
350 1018 479 1076 obluctari
491 1031 544 1072 non
556 1016 659 1081 ualens,
674 1015 763 1084 deque
777 1013 930 1067 litterarum

140 1113 287 1184 Republica
308 1110 438 1183 preclare
465 1122 509 1163 me
532 1107 692 1163 meriturum
716 1103 874 1170 considens,
900 1103 933 1158 iis

140 1218 242 1258 morem
258 1201 330 1272 gessi
340 1217 348 1266 ;
360 1198 480 1269 illudque
492 1213 575 1253 unum
592 1196 658 1251 mihi
673 1195 822 1250 carendum
836 1195 929 1261 statui,

138 1291 210 1363 quod
223 1302 330 1347 cautum
339 1289 436 1359 cuique
446 1289 550 1358 optimo
562 1287 696 1348 nouimus,
711 1293 741 1340 nt
752 1300 785 1339 no
800 1283 864 1353 quid
873 1283 931 1339 lalsi

138 1382 277 1446 auderem,
289 1378 399 1450 nequid
414 1379 470 1434 ucri
481 1394 534 1433 raon
544 1377 683 1432 auderem.

175 1473 208 1529 Et
232 1487 298 1528 sanc
319 1487 374 1527 non
401 1471 583 1528 inconsultum
608 1467 742 1541 quoddam
765 1465 931 1536 aucupandae

139 1565 305 1622 celebritatis
314 1562 443 1629 studium,
457 1577 512 1618 non
521 1574 641 1631 preceps
653 1558 775 1629 quadam
793 1556 931 1628 judicandi

139 1656 241 1724 libido,
262 1669 316 1712 non
338 1655 425 1726 ipsum
447 1651 564 1723 denique
586 1652 613 1707 in
637 1664 762 1720 magnum
783 1649 925 1703 Ductorem

139 1747 300 1818 obsequium
314 1760 359 1801 me
377 1743 438 1801 illos
456 1744 605 1814 Augustino
628 1741 764 1797 uindicare
775 1739 929 1809 jusserunt3

138 1846 236 1892 atcum
250 1837 357 1892 ceteris
376 1835 497 1906 probatae
515 1833 628 1890 Critices
648 1830 780 1902 presidiis
794 1828 927 1893 suffultus,

138 1936 194 1983 tour
207 1941 259 1982 una
271 1925 439 1996 potissimum
451 1924 535 1981 lretus
545 1922 596 1978 lide
605 1921 746 1988 Codicum,
761 1933 828 1990 quos
842 1920 869 1974 in
881 1933 929 1973 re·

137 2019 218 2087 liquis
239 2019 365 2074 omnibus
379 2017 413 2072 ad
436 2031 551 2088 unguem
572 2014 726 2084 conspirare
745 2028 805 2067 cum
821 2011 929 2066 excusis

137 2110 344 2181 Exemplaribus
367 2109 557 2174 animaduerti,
573 2106 665 2178 quidni
681 2106 788 2162 illorum
813 2103 931 2159 auctori·

137 2204 184 2258 tati
195 2202 413 2273 acquiescerem?
426 2200 503 2268 Quod
517 2201 539 2255 si
553 2199 597 2269 qui
612 2198 682 2253 lortc
697 2196 739 2251 uel
760 2194 928 2251 dissonantia

136 2294 210 2366 styli,
230 2293 276 2365 qui
298 2293 406 2360 dicitur,
428 2293 471 2349 rel
495 2299 715 2362 argumentorum
740 2288 860 2351 leuitate,
887 2285 930 2341 vel

136 2383 187 2438 alia
198 2384 292 2454 quanin
309 2383 345 2438 de
357 2396 438 2439 causa
456 2397 510 2438 non
533 2383 600 2436 satis
614 2380 688 2451 digni
714 2378 780 2433 tanti
805 2376 929 2432 Doctoris

137 2476 246 2533 nominc
264 2475 443 2540 inveniantur,
463 2474 562 2544 quique
588 2471 702 2542 proinde
715 2470 758 2527 rel
772 2478 801 2525 ut
817 2484 930 2540 apocry-

136 2567 183 2638 phi
208 2566 388 2638 expungendi,
410 2566 452 2622 uel
473 2566 543 2621 inter
560 2565 656 2620 dubios
679 2563 819 2618 uideantur
841 2576 929 2615 aman·

136 2657 228 2723 dandi,
254 2657 456 2728 prudentiorum
472 2655 604 2725 iudicium
619 2669 671 2709 non
693 2666 803 2718 moror;
826 2666 929 2722 cosque

137 2759 274 2820 peroptem
297 2749 390 2805 linceis
409 2747 494 2804 oculis
506 2747 670 2810 instructos,
692 2744 789 2815 quibus
803 2751 831 2799 et
845 2742 929 2799 verli-

135 2855 186 2897 nus
198 2841 265 2911 ipse,
280 2848 308 2896 et
319 2839 466 2910 vindingus
480 2838 627 2894 invideant.

171 2933 238 2988 lvunr
253 2946 319 2988 uero
336 2946 370 2988 cx
391 2933 461 3001 stylo
475 2933 610 3001 praecipue
633 2933 699 2987 satis
724 2943 827 2988 certum
849 2950 928 3004 argu·

137 3033 255 3079 mentum
274 3023 397 3090 eliciatur
413 3021 447 3077 ad
473 3030 611 3077 auctorem
635 3021 818 3078 deliniendum
844 3025 929 3080 haeret

136 3131 214 3186 aqua.
230 3114 394 3171 l‘crarduum
408 3127 483 3180 sane,
493 3127 525 3168 ac
539 3111 695 3182 perdilhcilo
709 3113 835 3180 dixerim,
844 3125 925 3172 cauto·

135 3209 173 3262 ris
197 3217 284 3263 tannen
306 3207 431 3277 paribus;
456 3205 575 3276 illudque
588 3205 625 3261 sit
637 3207 771 3275 exemplo.
788 3207 816 3262 ln
832 3209 928 3265 llomi·

136 3300 212 3355 liario
225 3300 309 3354 vatris
328 3296 484 3355 Cotnbelusii
498 3311 588 3353 sermo
605 3296 719 3354 habetur
733 3317 741 3353 :
756 3298 840 3354 llodie
853 3317 927 3355 cerm

135 3394 173 3447 rol
188 3410 197 3446 :
211 3391 254 3462 (v.
270 3393 294 3457 ι,
306 3406 365 3462 pag.
382 3390 446 3462 sta)
457 3406 536 3461 quem
550 3390 610 3461 lpse
622 3390 731 3461 origeni
744 3391 925 3460 adjudicatum

135 3485 229 3549 relect,
242 3497 321 3552 quem
339 3491 431 3536 contra
445 3482 475 3536 P.
491 3481 574 3536 Bruni
589 3483 654 3538 liivo
666 3483 783 3541 liaximo
795 3485 924 3554 vindicat,

135 3572 154 3626 l.
168 3572 237 3636 lti;
255 3571 400 3627 vallarsius
414 3579 488 3640 putat
506 3571 574 3627 inter
588 3572 745 3643 llieronymi
770 3575 926 3646 apocrypha

135 3663 347 3729 amandandum,
370 3663 533 3719 Bibliotheca
558 3679 623 3720 uero
649 3664 830 3720 Laurentiana
855 3666 926 3735 apud

135 3757 292 3812 Brundisium
317 3756 383 3811 Diuo
403 3757 544 3812 Ambrosio
566 3770 700 3814 accenset.
714 3760 792 3814 Anne
816 3758 925 3814 Parrum

135 3849 221 3920 stylus
235 3862 320 3904 nouus
335 3848 416 3904 ueluti
429 3849 541 3905 Proteus
556 3849 582 3903 in
601 3864 701 3914 trouas,
716 3858 743 3904 et
763 3850 851 3905 varias
865 3863 926 3905 sese

135 3941 210 4010 lingit
221 3940 344 4011 species?

170 4036 230 4104 lpse
244 4035 325 4092 etiam
338 4034 479 4103 Augustini
491 4035 577 4104 stylus
599 4042 774 4103 quantopere,
791 4047 925 4102 quamque

135 4124 227 4178 multis
247 4123 281 4178 de
298 4123 387 4178 causis
407 4124 498 4177 narius
516 4125 561 4186 sit,
579 4133 606 4177 ct
624 4124 773 4191 multiplex,
798 4122 925 4192 graphice

134 4222 273 4286 exponunt
300 4212 352 4284 ipsi
381 4212 506 4269 Editores
524 4212 645 4267 Monachi
663 4214 689 4266 in
706 4212 865 4269 i’taelatiouc
891 4212 926 4269 ad

134 4305 247 4360 'romum
257 4308 379 4376 quintum
393 4322 401 4360 :
416 4304 461 4376 qui
475 4305 554 4360 sitnul
569 4303 733 4368 doctissime,
749 4314 778 4359 ut
792 4305 923 4368 assolent,

136 4396 299 4468 persuadent
312 4412 394 4452 unum
410 4396 436 4451 in
450 4395 575 4450 omnihus
590 4437 597 4461 ,
611 4396 790 4465 eorundemque
807 4396 926 4451 existere

135 4490 276 4559 Augustini
287 4493 418 4563 spiritum,
433 4506 486 4560 quo
501 4491 580 4546 veluti
594 4493 728 4545 animatur
743 4491 813 4544 illius
828 4491 924 4561 stylos.

137 4583 234 4653 Ubique
245 4584 323 4650 enim,
337 4583 470 4653 inquiunt,
484 4583 631 4654 agtrosct'tttr
645 4583 802 4654 Auqrustiuus
821 4583 925 4651 proprio

135 4673 247 4744 quodam
266 4673 415 4743 eloquentiae
427 4674 522 4743 prusis,
535 4689 566 4727 uc
584 4674 656 4727 serim
670 4687 779 4743 genere,
797 4671 864 4740 qnod
879 4672 926 4726 sihi

138 4765 258 4819 lectorum
272 4764 371 4818 animm
383 4765 496 4833 subjicit,
519 4782 571 4819 rtou
584 4764 669 4834 lepore
682 4774 807 4832 compte,
822 4774 846 4816 et
859 4762 925 4830 affe-

135 4855 434 4923 :tarasconenses
447 4857 558 4927 efficacia
570 4856 680 4926 quodum
690 4854 796 4924 judicii,
811 4854 925 4923 pruden-

137 4950 190 5013 tioe,
208 4949 318 5019 pietatis.

170 5039 263 5110 Neque
278 5039 344 5095 illud
364 5040 408 5096 hie
430 5041 648 5112 praetercundum
670 5050 780 5112 putcm;
795 5039 927 5095 dictiones

136 5134 219 5202 ipsas,
231 5146 262 5188 ac
276 5133 434 5199 sententias,
450 5134 574 5208 ipsasque
585 5134 642 5190 lcre
657 5133 793 5204 periodos,
806 5148 865 5202 quac
879 5131 928 5186 ali-

136 5225 197 5279 cubi
208 5225 235 5280 in
248 5227 396 5296 Augustino
409 5235 565 5293 occurrunt,
579 5227 606 5281 in
617 5226 694 5282 noris
705 5226 786 5281 etiam
795 5224 853 5279 istis
867 5236 926 5277 scr·

136 5316 260 5371 monibus
272 5318 372 5387 passim
385 5317 485 5372 iterari.
508 5315 580 5371 Cave
594 5327 683 5371 tamen
698 5330 731 5370 ex
747 5315 799 5370 hoc
813 5314 925 5369 lacinio-

135 5419 183 5462 sos
194 5405 304 5471 dixeris,
326 5406 468 5478 dubiaque
481 5405 562 5461 lidci:
580 5405 605 5461 id
631 5407 717 5476 ipsum
736 5406 806 5459 enim
824 5402 927 5473 praelati

137 5497 262 5554 Editores
284 5513 470 5571 sepenumero
496 5498 732 5570 deprehenderunt
755 5498 798 5553 rel
812 5499 838 5551 in
863 5496 928 5566 ipsis

137 5590 297 5648 authenticis
307 5594 446 5664 Augustini
460 5593 634 5666 partubus,ct
647 5593 823 5661 Augustinum
838 5591 929 5659 lcgcn-

136 5681 209 5759 libili
223 5683 323 5760 tibique
336 5692 420 5760 patet,
434 5685 463 5743 iu
484 5685 560 5744 ibris
574 5684 725 5759 praesertim
746 5681 923 5749 bocconia.

873 248 1067 319 smitam.

1620 208 1625 219 ‚,
1725 250 1781 330 sla

989 374 1073 430 nibus.
1095 375 1225 432 Nonnulla
1239 386 1327 434 autcm
1347 379 1374 434 iu
1396 378 1530 436 nonnullis
1551 382 1720 441 sermonibus
1733 373 1783 442 sd·

986 483 1058 536 esse,
1069 485 1129 539 quae
1149 479 1176 525 ct
1189 470 1252 527 alibi
1266 472 1374 537 adsunt,
1394 473 1472 544 longe
1485 489 1563 531 secus
1577 485 1617 531 est
1629 491 1662 532 ae
1675 491 1782 535 sermo·

987 577 1036 618 nes
1064 562 1154 618 verbis
1177 564 1235 635 ejus
1258 567 1450 622 consarcinari.
1478 567 1577 638 Ecquis
1593 580 1682 626 autem
1702 581 1783 643 neget

986 651 1016 708 S.
1029 652 1170 708 Ductorem
1183 653 1339 711 innumeros
1361 671 1444 726 prope
1456 671 1595 714 sermones
1607 669 1653 715 aut
1667 675 1700 716 ex
1714 670 1782 716 tem·
1808 653 1816 716 ἒ

987 755 1052 810 pore
1066 742 1233 814 fundentem,
1255 755 1301 800 aut
1321 748 1427 816 scriptis
1441 749 1642 820 consignaniem
1657 750 1782 809 lacillimc
1811 798 1814 811 .

985 832 1107 901 potuisse
1121 833 1217 889 iisdem
1239 836 1328 892 uerbis
1342 852 1533 908 nonnunquam
1547 840 1655 897 easdem
1668 842 1782 898 reddere

985 924 1151 980 sententias?

1021 1015 1098 1080 Quod
1122 1017 1218 1089 siquis
1240 1022 1371 1077 curiosius
1394 1024 1545 1080 sciscitetur
1565 1028 1610 1096 qul
1634 1027 1732 1083 lactum
1744 1026 1782 1084 sit

986 1118 1013 1163 ut
1029 1109 1175 1166 doctissimi
1189 1112 1227 1167 illi
1240 1114 1361 1170 ilonacbi
1383 1117 1479 1173 nullibi
1491 1133 1629 1175 sermones
1640 1121 1707 1177 istos
1718 1135 1779 1178 me·

984 1201 1121 1266 miserint,
1137 1206 1288 1273 percontari
1311 1217 1339 1261 ot
1352 1207 1417 1261 mihi
1432 1209 1520 1277 liccat,
1536 1212 1581 1280 qul
1595 1210 1650 1266 lieri
1662 1226 1779 1284 unquam

984 1295 1110 1362 potuerit,
1125 1304 1153 1349 ut
1166 1296 1361 1363 meminissent,
1380 1313 1440 1352 cnm
1453 1315 1502 1354 nec
1517 1302 1588 1370 ipsos
1602 1300 1778 1360 Cassincnscs

983 1381 1096 1438 Codices
1109 1385 1135 1438 in
1144 1388 1298 1442 exornanda
1312 1390 1453 1457 Augustini
1465 1390 1590 1445 Editione
1603 1392 1646 1447 uel
1659 1407 1674 1447 a
1686 1393 1779 1450 limine

982 1475 1140 1530 salutarintl
1153 1476 1234 1548 idque
1246 1493 1279 1533 eu
1292 1493 1325 1533 co
1340 1478 1381 1534 uel
1395 1480 1510 1535 maxime
1524 1490 1598 1550 patet
1616 1483 1687 1552 quod
1707 1484 1778 1540 inter

982 1567 1177 1640 blanuscriptos
1191 1585 1286 1627 omncs
1308 1572 1342 1627 ah
1355 1572 1389 1627 iis
1401 1573 1557 1644 singillatim
1576 1577 1733 1641 recensitos,
1749 1583 1779 1632 ct

982 1654 1087 1708 naviter
1098 1654 1213 1708 collatos
1224 1655 1309 1709 nostri
1322 1671 1434 1725 prorsus
1447 1657 1556 1712 silentio
1567 1668 1774 1728 practereantur.

983 1741 1036 1798 lvec
1063 1752 1153 1798 tamen
1175 1758 1272 1814 arguas
1291 1760 1338 1800 cos
1353 1745 1454 1800 idcirco
1474 1746 1555 1802 luisse
1580 1750 1774 1820 posthabitos,

981 1833 1053 1903 quod
1067 1835 1108 1888 uel
1123 1843 1153 1889 ut
1166 1835 1255 1890 minus
1278 1837 1394 1904 probatae
1416 1835 1487 1904 lidei,
1510 1839 1552 1892 vel
1578 1848 1606 1893 ul
1628 1842 1776 1913 apocryphi

981 1926 1091 1980 omnino
1104 1926 1128 1979 in
1142 1925 1214 1980 nullo
1223 1925 1305 1981 habiti
1316 1929 1370 1982 sint
1381 1942 1512 1984 numero:
1526 1945 1641 2000 namque
1656 1945 1771 2004 apucry·

981 2015 1041 2087 pluis
1066 2017 1161 2072 saltem
1186 2028 1327 2073 contentus
1349 2019 1478 2077 liomilias
1506 2025 1718 2090 accensuisseut‚
1735 2027 1775 2083 uti

980 2123 1095 2181 pronum
1115 2119 1156 2165 est
1172 2111 1300 2183 colligere
1319 2128 1353 2167 cx
1380 2115 1450 2169 trina
1467 2115 1539 2184 apud
1565 2117 1639 2186 ipsos
1655 2118 1775 2173 instituta

981 2215 1136 2255 sermonum
1149 2202 1253 2269 classe;
1266 2219 1335 2274 qnos
1345 2221 1441 2274 nempe
1449 2207 1629 2276 integerrimis
1644 2209 1698 2264 illis
1712 2208 1776 2264 Edi·

982 2291 1084 2346 toribus
1099 2292 1175 2349 libuit
1188 2293 1342 2365 dispcscere
1365 2297 1391 2352 in
1413 2298 1592 2365 authenticos,
1613 2299 1728 2367 dubios,
1746 2309 1776 2357 ct

981 2383 1158 2452 apocryphos.

1016 2475 1132 2546 siquem
1148 2491 1228 2546 porro
1243 2480 1340 2550 cupido
1354 2482 1494 2537 incesserit
1507 2481 1682 2552 dignoscendi
1695 2484 1772 2554 peul-

981 2564 1043 2629 tius,
1058 2582 1108 2635 qua
1125 2568 1292 2638 potissimum
1316 2569 1351 2626 dc
1368 2585 1447 2626 causa
1465 2586 1496 2627 ea
1520 2572 1547 2628 in
1561 2571 1684 2628 Editione
1701 2573 1774 2631 nulla

980 2655 1152 2715 Bibliothecae
1174 2660 1343 2718 Cassinensis
1364 2663 1453 2720 habita
1476 2667 1511 2720 sit
1533 2668 1619 2731 ratio,
1639 2669 1695 2722 lieri
1721 2668 1773 2724 boc

980 2751 1066 2819 potuit
1080 2766 1128 2805 seu
1152 2752 1223 2822 quod
1244 2754 1300 2823 ipsa
1325 2753 1405 2810 luerit
1427 2756 1515 2811 miuus
1534 2757 1678 2813 celebratae
1694 2757 1774 2815 lamae

980 2843 1050 2912 apud
1065 2843 1159 2899 Gallos
1174 2845 1330 2915 priusquam
1349 2848 1529 2918 blahillonius,
1546 2848 1772 2920 hlontlaucouius,

979 2936 1079 3004 aliique
1091 2934 1204 3004 hujusce
1214 2937 1335 2992 subsellii
1348 2939 1471 2994 homines
1490 2956 1568 2995 suum
1583 2943 1619 2996 illi
1635 2951 1771 2999 testaren-

980 3035 1023 3081 tur
1038 3026 1177 3093 honorem,
1206 3043 1254 3083 scu
1277 3029 1349 3099 quod
1372 3031 1524 3101 ingruentia
1544 3033 1663 3103 undique
1687 3032 1771 3100 bella,

979 3133 1039 3187 qnae
1064 3125 1126 3172 tunc
1143 3120 1292 3188 temporis,
1309 3129 1388 3175 atate
1403 3121 1530 3175 nimirum
1543 3120 1672 3176 Ludouici
1686 3121 1775 3193 biagni

978 3207 1061 3277 Regis
1087 3206 1311 3264 christianissimi
1327 3208 1465 3280 Europam
1487 3225 1556 3280 pene
1570 3219 1652 3266 totam
1676 3209 1773 3282 latiga-

978 3298 1054 3361 bant,
1070 3299 1290 3354 communicandi
1311 3300 1463 3356 libertatem
1478 3300 1645 3369 adimerent,
1659 3302 1773 3371 ipsaque

979 3390 1094 3446 sortasse
1106 3391 1256 3446 litterarum
1278 3391 1427 3447 diribitorio
1442 3392 1632 3462 praepedirent.
1658 3391 1774 3461 Quodsi

979 3480 1037 3535 haec
1063 3497 1129 3536 naso
1149 3481 1321 3550 suspenderis
1337 3481 1453 3548 adunco,
1472 3482 1548 3538 nullo
1561 3484 1641 3552 plane
1664 3483 1773 3553 negotio

979 3574 1130 3628 cuinccrem
1152 3588 1185 3628 cr
1199 3573 1302 3644 syllabo
1315 3571 1444 3629 Codicum
1466 3588 1535 3644 quos
1553 3574 1703 3642 contulere,
1719 3573 1772 3630 hoc

979 3664 1012 3720 iis
1025 3663 1108 3720 luisse
1121 3665 1285 3734 propositum
1298 3707 1305 3731 ,
1320 3674 1350 3721 ut
1362 3681 1395 3722 cr
1408 3665 1583 3722 bibliothecis
1595 3666 1669 3722 italis
1681 3666 1771 3721 omni·

978 3756 1028 3811 hus
1040 3755 1196 3811 vaticanam
1211 3766 1326 3822 tantum,
1343 3773 1449 3813 necnon
1462 3767 1488 3814 ct
1504 3758 1535 3815 S.
1547 3757 1642 3815 Crucis
1652 3759 1679 3813 iu
1692 3757 1772 3815 Jeru-

978 3847 1061 3904 salem
1072 3848 1106 3903 dc
1116 3846 1187 3904 Urbe
1197 3850 1380 3915 consulerent,
1390 3849 1643 3920 reliquisuuiuersis
1657 3849 1771 3918 postha-

979 3937 1052 4005 bitis,
1067 3939 1109 3993 rel
1125 3940 1180 4007 ipsa
1195 3940 1360 3994 nobilissima
1374 3939 1501 3994 Medicea.

1015 4026 1102 4094 ipsunt
1116 4035 1204 4081 autem
1218 4026 1411 4095 liabillouium,
1431 4027 1673 4095 ilontlauconium,
1686 4038 1769 4088 caeto⁴

979 4130 1076 4186 rosque
1100 4115 1169 4184 apud
1191 4130 1240 4170 nos
1259 4115 1409 4172 diversatos
1427 4132 1501 4187 saepe
1521 4119 1620 4188 saepius
1634 4119 1667 4175 ad
1690 4121 1769 4189 erpi-

978 4205 1076 4260 scandu
1100 4206 1260 4271 litterarum,
1275 4215 1302 4261 et
1321 4209 1461 4263 vetustatis
1474 4218 1665 4277 monumenta,
1679 4210 1771 4282 quoad

980 4296 1108 4353 llomilias
1121 4297 1185 4353 istas
1198 4299 1324 4354 caecutire
1339 4314 1408 4370 pcne
1422 4301 1494 4356 risos
1507 4314 1586 4366 esse,
1602 4315 1689 4370 ncquc
1708 4302 1773 4361 ires

979 4387 1029 4441 rim
1041 4385 1154 4455 inlicias,
1166 4403 1253 4458 neque
1268 4390 1358 4444 mirari
1368 4389 1449 4444 subit.
1460 4389 1527 4444 Cum
1536 4389 1607 4446 enim
1619 4399 1679 4460 post
1690 4390 1772 4447 ador-

979 4489 1067 4534 natam
1079 4481 1134 4549 jam
1158 4480 1335 4537 varisiensem
1359 4481 1509 4536 Editiouem
1532 4480 1705 4536 cruditissimi
1731 4481 1773 4538 illi

980 4570 1099 4641 hospites
1121 4571 1173 4626 huc
1194 4575 1370 4643 perrexerint,
1390 4574 1491 4629 nullum
1516 4576 1772 4645 potaruutpretiuut
1795 4545 1803 4634 i

979 4673 1068 4730 operae
1080 4661 1114 4716 ad
1133 4662 1278 4719 Sermones
1293 4664 1359 4719 istos
1373 4664 1511 4720 attendere
1534 4666 1690 4736 impensius,
1703 4680 1773 4737 quos

979 4753 1057 4809 incilc
1072 4756 1218 4811 censebant
1237 4769 1297 4810 cum
1314 4756 1423 4826 reliquis
1435 4757 1560 4812 oumihus
1574 4757 1632 4813 lucc
1646 4758 1771 4813 donatos.
1796 4755 1801 4782 ·'

980 4853 1050 4920 Quin
1071 4863 1098 4908 ct
1111 4853 1242 4921 suspicari
1257 4853 1355 4907 merito
1377 4853 1439 4907 licet
1459 4851 1573 4908 Codices
1593 4854 1666 4924 ipsos
1678 4859 1775 4920 utpoto

980 4947 1112 5017 sequioris
1134 4947 1183 5000 acri
1210 4961 1264 5016 prae
1290 4946 1350 5001 aliis
1372 4945 1449 5016 longe
1465 4947 1638 5001 remotiorum
1662 4951 1779 5012 temtum,

982 5041 1089 5094 rniuimc
1100 5038 1181 5093 luissc
1195 5039 1227 5094 iis
1242 5039 1374 5094 exhibitos
1387 5055 1394 5103 ;
1410 5040 1449 5093 ucl
1467 5038 1586 5104 demum,
1601 5038 1671 5108 quod
1688 5037 1781 5122 rutulio!

980 5132 1169 5198 verosimilius,
1187 5141 1292 5202 tempus
1314 5147 1362 5186 cns
1381 5131 1513 5185 deiecisse
1535 5128 1649 5188 Codices
1664 5138 1773 5187 nostros

979 5223 1098 5293 singulos
1108 5222 1254 5277 trutinandi
1270 5234 1382 5276 numcro
1392 5218 1498 5288 quidem
1513 5234 1592 5290 supra
1602 5219 1772 5290 quingentos.

982 5314 1062 5383 ldquc
1076 5312 1264 5368 hlnrttlauconii
1280 5311 1362 5380 ipsius
1375 5309 1499 5379 exemplo
1514 5310 1614 5380 liquido
1630 5320 1711 5380 patct,
1726 5311 1774 5382 qui

982 5421 1042 5460 cnm
1056 5416 1212 5459 caeterarum
1227 5402 1471 5466 bibliothecarum,
1491 5410 1545 5456 tum
1562 5413 1589 5457 et
1604 5403 1774 5458 Cassinonsis
1864 5449 1871 5461 .

982 5495 1093 5552 Codices
1106 5510 1200 5549 omues
1217 5493 1381 5548 recensendo
1401 5503 1550 5558 etrrrmcrat,
1563 5496 1657 5562 quavis
1670 5495 1774 5548 seclusa

984 5589 1109 5659 peculiari
1121 5588 1236 5658 analysi.
1250 5586 1318 5653 Quid
1331 5585 1403 5655 quod
1415 5595 1442 5641 et
1454 5586 1488 5640 oh
1501 5587 1592 5656 ipsoin
1607 5588 1775 5644 Bibliotheca

986 5680 1141 5741 hotrastorii
1165 5678 1216 5735 88.
1241 5677 1421 5745 sororiabat
1442 5675 1511 5733 Sosii
1533 5677 1643 5749 lvcapoli
1670 5678 1795 5745 Ordinis
