3854 6128
130 284 181 342 889

129 405 208 457 etium
224 401 265 454 illa
280 441 287 463 ,
301 415 359 467 qum
372 397 405 451 de
424 397 530 449 lucerna
545 396 674 458 mittitur,
689 393 835 459 curuingit,
851 406 917 458 qna·

129 510 242 561 cumque
253 492 361 545 dttxnris
374 492 474 552 lutuen,
488 497 513 541 et
526 486 647 550 liirtusse,
661 484 779 551 quisquis
791 497 838 550 per
848 482 919 532 eloa-

128 600 185 640 cam
202 592 335 644 trauseat,
352 583 426 648 ipso,
443 581 463 631 si
481 579 612 646 tetigerit,
631 576 772 644 pruluitnr;
787 575 808 628 si
829 584 916 626 autem

129 677 181 732 lert
194 679 337 741 lucernam,
351 674 476 742 splendor
487 673 602 724 luccunc
617 682 695 733 supra
710 664 798 718 etruria
813 662 915 723 tratvsit,

130 784 258 839 nusquam
273 768 403 821 nmunhun
416 762 559 818 ettvttmbit.
578 761 604 814 Si
622 760 672 811 hnc
688 757 772 826 protum
787 756 855 808 [leus
870 753 917 806 do·

129 877 193 916 nare
209 859 393 929 corporalibus
413 855 573 918 luminibus,
589 853 645 920 ipsc
658 852 747 906 luntcn
764 861 853 901 rentur
867 887 874 907 ,
890 854 918 900 ιι

128 965 274 1016 eteimnn,
295 962 322 1007 et
341 949 553 1004 incommutabile
576 954 662 1013 potest
679 941 775 996 alicubi
794 938 915 1007 coinqui-

128 1046 204 1098 nuri'?
226 1047 276 1098 ilut
300 1053 385 1111 putem
400 1039 496 1092 alicubi
511 1037 604 1090 deesse
619 1035 663 1089 lut
685 1032 749 1096 bei,
764 1031 861 1097 dequo
876 1027 918 1082 dl·

128 1151 198 1191 ctum
213 1149 274 1191 est:
291 1136 395 1203 Attiugit
413 1150 429 1185 tt
447 1132 497 1199 fine
518 1146 595 1199 usque
612 1129 645 1181 ud
664 1128 741 1196 fiuent
760 1124 871 1194 sortiter,
895 1129 918 1174 et

128 1231 236 1296 disponit
256 1229 340 1280 ortrur'tt
357 1226 465 1279 tenuiter
480 1224 505 1287 (l
523 1223 588 1290 Sap.
606 1235 664 1282 rttt,
683 1219 730 1288 ll?
746 1216 840 1284 Tingit
854 1224 917 1281 ergo

126 1321 282 1393 quodvult,
299 1328 326 1373 et
346 1316 457 1370 mundat
471 1313 540 1382 quod
560 1312 625 1365 vult.
650 1309 707 1364 Nou
732 1307 917 1377 quodcumque

128 1411 251 1479 tetigerit.
265 1409 384 1469 inundat,
397 1407 453 1468 sed,
465 1405 536 1474 quod
549 1401 725 1462 mundaverit,
743 1399 834 1468 tetigit.
850 1399 917 1451 Suil-

127 1505 179 1560 lem
193 1505 282 1572 ltaque
298 1509 495 1571 persecutorem
511 1499 557 1552 [ιιι
570 1496 685 1565 Spiritus
699 1511 752 1549 nou
769 1493 914 1556 inundarit,

126 1595 172 1650 sed
188 1605 275 1648 tarueu
288 1594 321 1647 ad
336 1591 548 1661 prophetandum
561 1590 655 1658 tetigit.
668 1585 782 1654 Caiphae
794 1585 916 1653 princeps

126 1686 299 1743 sacerdotnm
312 1684 412 1739 Christi
435 1692 591 1752 perseeutor
608 1688 682 1742 erat,
698 1687 727 1734 et
747 1688 833 1731 tamon
851 1676 916 1731 Pro-

128 1778 244 1846 phetiam
265 1777 369 1831 locutus
389 1783 449 1841 est,
470 1773 576 1843 quaudo
594 1773 653 1826 ait:
673 1770 783 1838 lixpettit
803 1776 829 1822 ut
850 1783 916 1822 unet

126 1868 201 1922 horim
215 1868 347 1932 uwrimur,
360 1876 385 1920 et
395 1883 445 1920 iton
460 1875 511 1918 tote
523 1881 583 1934 qens
598 1872 682 1933 pereat
699 1861 788 1930 (leun.
806 1876 842 1927 tu,
856 1858 914 1927 ab).

126 1957 240 2014 Secutus
262 1958 428 2027 Evangelistn
449 1956 572 2025 etptosnit
593 1952 786 2024 Prophetiam,
806 1961 832 2007 et
855 1952 913 2005 uit:

128 2049 184 2105 Noe
193 2061 277 2106 eutem
287 2066 337 2104 nen
350 2067 366 2103 e
380 2051 491 2115 redirit,
503 2050 557 2115 red,
571 2066 629 2103 cuin
639 2058 702 2102 esset
713 2046 844 2114 Pontifex,
857 2060 916 2113 pre-

126 2146 235 2216 phetauit
249 2144 329 2213 (tuit.
346 2145 405 2214 st).
421 2144 594 2212 Prophetavit
605 2141 730 2210 llaiphas,
748 2137 917 2209 prophetavit

126 2237 200 2292 Sahl.
216 2236 355 2291 llahehant
365 2235 550 2305 Prophetiam,
565 2235 613 2290 sed
626 2234 789 2287 charitatem
804 2246 856 2286 non
869 2229 917 2286 ha·

125 2329 233 2384 hehaut.
256 2328 389 2397 Numquid
411 2328 574 2386 Charitutent
598 2325 690 2379 habuit
713 2322 847 2391 caiphas,
871 2321 915 2390 qul

125 2418 335 2489 persequebatur
360 2419 454 2472 Filium
478 2419 543 2484 bei,
567 2433 645 2486 quern
668 2417 701 2469 ad
725 2431 774 2470 uos
793 2415 915 2468 Charitas

124 2512 221 2567 dutitl
238 2511 373 2580 Numquid
388 2513 551 2566 charitatem
566 2510 680 2565 habebnt
694 2509 776 2572 Salii,
792 2508 837 2576 qui
853 2520 914 2575 per·

124 2603 366 2672 sequebaturenm,
382 2601 514 2671 peronius
527 2616 634 2655 martum
649 2600 734 2654 luerat
747 2599 781 2653 ab
795 2600 915 2654 hostibus

124 2696 271 2751 liberatus?
285 2696 342 2750 Non
357 2695 443 2750 solum
461 2695 581 2758 invidus,
598 2693 644 2748 sed
657 2704 685 2749 ιι
698 2693 826 2761 ingratus.
843 2690 915 2758 Ergo

124 2788 296 2857 probavimus
312 2801 390 2856 posse
404 2802 463 2840 esse
479 2787 504 2840 iu
519 2787 609 2855 aliquo
624 2785 804 2854 Prophetiam,
819 2792 846 2837 et
860 2794 914 2837 nou

124 2894 184 2935 erse
196 2880 371 2934 Charitatem.
381 2877 446 2932 -lstis
458 2887 546 2932 autem
562 2877 703 2945 Propheta
719 2876 846 2945 prodesse
860 2888 914 2929 non

126 2978 224 3038 potest,
240 2970 386 3024 seeundum
402 2969 568 3037 Apostolum.
590 2968 621 3022 Si
638 2968 800 3029 domitorem,
818 2966 912 3033 iuquit,

124 3077 175 3115 nort
188 3060 303 3127 habeam,
319 3061 382 3114 nihil
399 3077 454 3114 sunt
467 3060 492 3129 (l
509 3057 569 3114 Cer.
586 3074 643 3123 xtn,
656 3058 696 3127 ι).
712 3057 771 3111 Nou
791 3059 828 3111 ait
844 3076 850 3112 ε
865 3057 913 3112 Nl·

124 3153 160 3209 hil
174 3164 217 3209 eet
229 3138 383 3222 Prophetis,
397 3160 444 3207 ant
458 3151 524 3205 nibil
540 3159 582 3205 est
601 3150 680 3205 Fides
693 3167 700 3211 ;
715 3150 761 3204 sed
775 3150 840 3204 nihil
853 3164 913 3204 sum

123 3266 184 3321 ego,
198 3251 220 3306 si
235 3264 288 3304 non
300 3248 419 3303 habuero
432 3244 605 3300 charitatem.
619 3243 726 3297 liabens
739 3257 833 3311 rivagua
847 3242 913 3296 nihil

122 3353 174 3411 est,
190 3343 310 3414 quamvis
323 3354 418 3409 magua
432 3338 539 3400 haheat,
553 3336 618 3390 nihil
632 3344 684 3390 est.
698 3333 757 3404 lpse
771 3334 842 3389 enim
857 3349 913 3389 tna·

121 3452 185 3508 gna,
200 3451 259 3506 qum
274 3435 362 3496 habet,
378 3447 430 3486 trun
446 3430 526 3485 hahet
538 3429 571 3484 ad
585 3427 756 3496 adjutorium,
773 3426 819 3481 sed
833 3427 913 3483 hahet

122 3530 156 3586 ad
169 3529 308 3599 indicium.
331 3526 389 3582 Non
411 3540 505 3595 magna
529 3523 629 3579 hahere
649 3536 773 3592 magnum
788 3529 844 3587 est,
865 3519 913 3576 sed

122 3623 193 3679 hene
202 3623 240 3676 uti
251 3621 353 3691 magnis
368 3633 492 3689 magnum
504 3625 555 3674 est.
570 3616 627 3672 Non
639 3625 727 3670 antem
739 3615 821 3674 utitur
831 3615 910 3682 bene,

122 3715 168 3784 qui
184 3728 236 3769 non
255 3713 334 3767 hahet
346 3709 520 3767 charitatem.
539 3711 644 3766 litertim
665 3725 717 3764 non
740 3709 822 3764 utitur
843 3708 913 3765 hene

122 3806 210 3876 aliqua
221 3820 261 3870 re,
273 3805 325 3860 nisi
339 3803 460 3859 voluutas
473 3804 551 3858 botta.
565 3801 694 3858 Voluntas
706 3802 775 3856 hona
786 3816 847 3857 esse
858 3785 911 3857 non

121 3907 219 3972 potest,
234 3900 280 3955 uhi
295 3896 417 3955 Charitas
434 3907 551 3953 nonest.

156 3994 200 4049 tv.
219 3992 288 4060 Quid
305 3991 338 4047 de
359 3991 444 4046 Fide?
465 3989 617 4045 invenimus
637 3989 752 4059 aliquem
773 3986 871 4042 habere
883 3993 913 4042 et

121 4084 233 4151 Fidem,
248 4093 275 4139 ιι
296 4097 348 4136 uon
370 4081 469 4135 hahere
482 4079 664 4135 charitatem?
683 4078 758 4132 hiulti
770 4084 850 4139 eunt,
867 4074 912 4143 ont

120 4176 245 4242 credunt,
258 4183 350 4231 elnon
365 4181 465 4226 autaut.
486 4169 540 4224 Nee
558 4167 730 4224 enumerandi
747 4175 809 4220 strnt
823 4164 911 4219 horni-

121 4283 180 4325 nes.
195 4268 336 4322 homones
353 4265 503 4320 invenimus
517 4261 663 4317 ιιιιιιιιιι
676 4260 746 4328 quod
766 4257 910 4325 credimus,

121 4374 149 4421 et
168 4379 220 4419 non
240 4376 332 4416 aurare
354 4358 425 4430 quod
447 4371 578 4412 amamus.
602 4353 686 4418 Nam,
707 4368 766 4408 cmn
789 4357 913 4421 argueret

122 4455 257 4524 apostolus
272 4451 387 4506 lacobus
400 4463 457 4513 eos,
472 4450 516 4517 qni
529 4449 579 4501 sihi
594 4447 723 4517 putabant
737 4443 870 4509 sulficere,
882 4451 912 4497 ut

121 4545 271 4608 crederent,
284 4552 311 4596 et
323 4541 449 4596 nolebant
462 4540 529 4594 hene
542 4539 642 4600 vivere,
657 4537 726 4603 qtrod
740 4550 792 4589 non
806 4537 846 4600 su,
860 4533 911 4589 uisi

121 4639 156 4694 tle
170 4636 325 4696 Clntrirate;
341 4633 409 4687 hona
425 4633 496 4686 enim
515 4631 569 4683 rita
590 4628 624 4682 ad
643 4627 807 4681 charitatem
827 4624 911 4694 perti·

122 4740 177 4796 net,
194 4741 243 4781 nec
262 4732 348 4796 potest
360 4724 462 4778 hahens
474 4723 636 4777 clurinum
651 4719 720 4774 male
734 4721 834 4782 vivere,
850 4717 910 4786 quia

123 4822 174 4877 boc
188 4821 274 4889 ipsunt
290 4817 357 4871 boue
371 4818 461 4869 virere
474 4814 539 4868 nihil
553 4822 595 4867 est
612 4811 699 4877 aliud,
712 4825 791 4880 quatu
807 4810 911 4877 impleri

121 4913 268 4968 Clraritate.
283 4909 350 4964 Cum
364 4923 428 4978 ergo
440 4908 546 4978 quidum
558 4906 689 4977 jactarent
703 4919 752 4972 se,
768 4904 838 4973 quod
853 4917 912 4959 cre·

122 5005 253 5060 didissent
266 5005 292 5056 in
308 5003 401 5067 heum,
413 5008 440 5053 et
455 5001 555 5053 nullent
566 4998 634 5053 bene
645 4997 744 5060 vivere,
758 5005 837 5064 atque
848 5008 912 5048 con·

122 5107 248 5169 grucnter
262 5102 342 5149 tante
357 5094 441 5152 Fidei.
455 5108 532 5163 quam
546 5100 731 5161 perceperant,
745 5087 911 5145 dunrenibus

122 5205 169 5246 eos
182 5187 344 5259 comparavit
359 5186 450 5240 diceus
467 5202 472 5236 :
490 5182 546 5249 Tu,
562 5185 663 5252 inquit,
679 5183 758 5245 dicit,
773 5181 831 5248 quie
844 5196 910 5233 unm

123 5289 158 5336 eet
173 5279 249 5333 Deus.
266 5279 334 5333 Beue
348 5277 445 5340 eretlis;
461 5277 504 5329 sert
519 5287 540 5327 et
554 5276 679 5328 dteuroues
694 5274 799 5327 creduut
812 5281 836 5326 et
851 5287 912 5326 cott-

122 5375 267 5428 treruiseuut
279 5372 379 5444 (locon.
395 5389 424 5434 n,
438 5370 491 5440 to).
503 5369 530 5424 Si
544 5384 607 5437 ergo
619 5366 801 5421 turunmurodo
812 5365 907 5429 eredis,

122 5476 149 5522 et
164 5482 216 5520 trun
230 5466 335 5534 diligis,
351 5464 437 5519 atlhne
451 5480 510 5516 cum
525 5461 691 5514 duunouihus
711 5460 755 5513 tihi
770 5472 910 5514 conmnrne

120 5567 172 5615 est.
185 5557 279 5608 Petrus
292 5555 356 5609 divit
374 5576 380 5609 ι
397 5554 433 5609 Tu
446 5574 471 5607 os
487 5551 568 5606 Filius
582 5550 630 5604 Dei
639 5567 647 5613 ;
661 5557 683 5602 et
698 5549 791 5602 dictum
805 5559 840 5603 est
851 5549 911 5602 illi:

123 5649 214 5702 Beatus
226 5662 261 5710 es,
275 5644 363 5698 Simon
378 5645 522 5707 Ber-loun,
533 5644 592 5711 quie
605 5657 655 5694 nort
669 5640 785 5693 sepelevit
797 5640 841 5693 tibi
850 5653 910 5693 cero

120 5739 275 5812 surrupuit,
290 5735 334 5794 tert
347 5735 425 5792 Peter
445 5752 530 5802 ιιιιιι,
545 5736 588 5803 qui
608 5735 635 5790 iu
654 5731 722 5789 celis
740 5741 775 5787 ert
794 5730 907 5797 lllletth.
919 5811 948 5824 *-

536 277 650 334 senno
668 276 740 337 xlx.
762 272 806 328 bl]
830 270 953 328 t'trnttts
972 270 1136 330 arestein
1158 275 1170 331 l
1192 276 1268 332 eon.
1292 275 1349 333 xtl.

1709 255 1761 348 eae

973 403 1033 451 ιιι,
1050 390 1097 453 lli,
1114 392 1168 459 lt).
1190 394 1340 447 lurcniutus
1355 403 1381 448 el
1401 393 1535 450 tltumottes
1552 397 1652 453 ditlsse
1669 417 1675 452 t
1691 403 1761 468 Qttt‘tl

971 484 1042 537 trohis
1061 493 1084 536 et
1104 486 1148 538 tihi
1168 497 1219 550 est,
1238 488 1286 539 l'ili
1304 488 1349 540 hei
1366 486 1420 557 tid.
1435 504 1500 556 vnt,
1514 491 1578 559 esi!
1602 492 1697 549 Filium
1711 496 1760 553 hei

971 576 1132 630 ronlltcntur
1153 579 1289 646 Apostoli,
1312 579 1406 634 Filium
1428 581 1473 634 [ιιι
1490 581 1650 640 confitentur
1662 596 1690 642 et
1703 587 1760 643 dae·

971 682 1073 720 tirones.
1095 668 1233 723 Cerrlrssiu
1258 672 1361 723 videtur
1385 687 1441 739 par,
1463 671 1572 728 dilectio
1594 675 1695 748 dispar.
1717 678 1760 737 lui

969 757 1099 825 eredunt,
1113 769 1140 813 et
1155 770 1263 826 attinnt,
1280 762 1316 815 illi
1330 762 1442 816 eredunt
1455 773 1483 818 et
1499 766 1602 821 timent.
1618 768 1701 822 hmor
1712 785 1760 825 ιι-

970 859 1057 918 pectas
1085 854 1241 918 prnnninm,
1268 853 1347 907 timor
1375 868 1489 922 proenam.
1513 857 1585 927 Ergo
1610 859 1760 919 invenimus

971 956 1049 1008 posse
1061 956 1220 1012 quennpram
1234 943 1333 999 hahere
1344 946 1422 998 etium
1437 947 1540 1012 Fidem,
1554 958 1645 1008 utnon
1661 951 1761 1010 hahere

970 1030 1143 1086 Clraritutnn.
1160 1034 1243 1088 Nemo
1257 1051 1321 1104 ergo
1334 1052 1364 1092 se
1379 1039 1463 1106 jactet
1474 1038 1508 1093 de
1521 1056 1689 1111 quecumque
1704 1042 1759 1099 Ec·

970 1124 1059 1179 elesirc
1074 1126 1154 1187 dirim,
1169 1129 1190 1180 si
1205 1127 1273 1183 sorte
1287 1129 1388 1184 eminet
1402 1133 1427 1184 in
1445 1132 1563 1190 Ecclesia
1578 1135 1668 1205 aliquo
1682 1137 1758 1193 attri-

971 1215 1034 1270 buto
1048 1217 1097 1271 sibi
1111 1217 1192 1283 dono,
1210 1219 1255 1274 sed
1269 1219 1357 1275 videat
1371 1231 1458 1277 utrum
1475 1222 1569 1279 haheat
1582 1224 1757 1284 charitatem.

970 1310 1034 1364 Nam
1051 1313 1153 1366 loeutus
1166 1322 1206 1367 ost
1220 1314 1288 1368 idem
1309 1316 1445 1384 apostolus
1459 1316 1564 1382 Paulus,
1577 1327 1605 1374 et
1617 1333 1759 1376 enumera·

969 1404 1007 1456 vit
1022 1404 1103 1457 multa
1118 1404 1187 1458 dona
1208 1407 1253 1460 [ιιι
1269 1406 1294 1478 (l
1312 1406 1371 1463 Cor.
1390 1407 1449 1478 ιιι),
1467 1410 1492 1463 in
1507 1410 1636 1468 memhris
1648 1413 1757 1480 Clrrith'.

969 1510 1028 1561 ιιι
1050 1505 1092 1550 ιιι
1115 1497 1254 1562 Ecclesia,
1280 1506 1308 1553 ιι
1328 1499 1366 1552 ιιι
1386 1499 1454 1554 dona
1481 1503 1588 1570 propria
1611 1503 1760 1574 quibusque

967 1584 1094 1642 blemhris
1107 1602 1167 1643 esse
1185 1590 1323 1656 attributa,
1336 1605 1385 1645 nee
1399 1606 1479 1660 posse
1492 1592 1550 1649 lteri
1562 1601 1591 1648 ut
1601 1608 1696 1650 omnes
1709 1595 1758 1650 ha·

969 1682 1049 1735 beant
1063 1696 1144 1735 unum
1159 1682 1268 1738 donum.
1285 1682 1339 1737 Nec
1353 1684 1495 1753 quisquam
1514 1695 1600 1743 tamen
1616 1688 1675 1744 eine
1688 1688 1760 1745 done

968 1774 1127 1828 renromhit.
1143 1775 1286 1844 Apostolus
1300 1775 1335 1831 ait
1350 1775 1507 1843 Prophetas,
1522 1778 1659 1845 Doctores,
1676 1779 1760 1837 luter·

967 1876 1128 1936 prolatores,
1143 1866 1240 1935 linguis
1253 1868 1397 1931 locutores,
1413 1867 1543 1924 hahentes
1560 1869 1672 1925 virtutes
1683 1869 1759 1927 sarri·

968 1968 1070 2024 tatum,
1095 1959 1222 2013 hahentes
1243 1959 1393 2028 adiutoria,
1416 1960 1641 2030 gubernationes,
1660 1975 1759 2032 genera

967 2052 1129 2123 lingonum.
1147 2052 1220 2106 hirta
1240 2061 1302 2108 snm
1317 2053 1389 2117 brec,
1403 2062 1430 2107 et
1441 2053 1492 2108 alia
1506 2052 1627 2109 videmus
1641 2053 1665 2106 in
1681 2053 1757 2120 aliie,

968 2144 1019 2196 elia
1044 2144 1069 2196 in
1091 2143 1159 2197 aliis.
1182 2143 1238 2197 Nou
1257 2158 1321 2213 ergo
1334 2143 1424 2199 doleat
1442 2144 1551 2212 aliquis,
1567 2159 1620 2200 non
1634 2144 1685 2200 sibi
1698 2158 1759 2202 este

968 2249 1125 2289 cutrcessnm
1140 2236 1209 2305 qrvod
1223 2236 1296 2291 videt
1309 2237 1353 2290 alii
1369 2251 1535 2292 eorrcessnm.
1552 2237 1654 2294 llaheat
1666 2237 1760 2294 Chari-

968 2335 1060 2392 tatem,
1075 2344 1128 2381 nnn
1145 2328 1261 2383 invideat
1275 2327 1393 2391 habenti,
1408 2338 1436 2383 ιι
1449 2343 1509 2384 cum
1525 2327 1571 2384 illo
1582 2328 1672 2393 habet,
1685 2316 1773 2399 qued

967 2419 1124 2474 nonhabet.
1141 2420 1275 2489 Quidquid
1290 2421 1361 2475 enirn
1383 2421 1505 2474 hahuerit
1525 2419 1606 2476 frater
1626 2435 1719 2486 meus,
1734 2419 1759 2477 ei

968 2526 1020 2564 nou
1034 2512 1165 2576 inridere,
1178 2522 1205 2566 et
1224 2528 1359 2574 antarero.
1373 2527 1461 2567 rnenm
1475 2522 1525 2567 est.
1540 2512 1568 2567 ln
1583 2529 1625 2570 nte
1639 2528 1692 2570 non
1706 2513 1756 2570 ha·

968 2602 1033 2665 beo,
1055 2605 1141 2657 sedin
1157 2605 1204 2657 illo
1221 2604 1317 2660 haheo.
1338 2604 1395 2659 Non
1415 2614 1485 2660 esset
1499 2620 1606 2675 nvenm,
1622 2607 1645 2662 si
1663 2606 1690 2662 in
1704 2622 1758 2665 uno

966 2711 1088 2764 corporo,
1101 2706 1128 2751 et
1140 2697 1190 2752 sub
1204 2713 1256 2752 uno
1269 2698 1361 2766 Capite
1376 2714 1428 2752 mm
1443 2713 1573 2754 essemus.

1003 2786 1034 2839 ιι.
1055 2787 1166 2841 Sinistra
1187 2804 1281 2842 tuanus
1299 2788 1374 2843 verbi
1395 2791 1480 2859 gratia
1503 2791 1529 2845 iu
1548 2805 1662 2860 corpore
1677 2790 1757 2849 habel

966 2878 1108 2940 annulum,
1136 2887 1163 2932 ιι
1181 2879 1273 2933 deutra
1295 2895 1349 2932 non
1369 2880 1459 2934 babet.
1483 2881 1617 2954 Numquid
1635 2884 1679 2938 illa
1697 2885 1757 2940 sine

966 2977 1123 3021 ornamento
1145 2969 1297 3023 vernausitl
1321 2969 1434 3037 Respice
1456 2970 1572 3040 singulas
1592 2988 1707 3040 ritanus,
1728 2984 1757 3032 et

965 3059 1068 3143 videbis
1088 3074 1166 3113 unam
1189 3059 1305 3124 habere,
1330 3061 1410 3116 aliam
1433 3078 1485 3118 uon
1510 3063 1617 3119 hahere.
1642 3065 1756 3136 Respice

964 3165 1119 3222 compagem
1129 3154 1260 3221 eorporis,
1273 3153 1316 3208 cui
1327 3154 1429 3210 baereut
1440 3155 1526 3210 arathae
1536 3171 1642 3223 manus,
1655 3167 1682 3212 ιι
1694 3157 1756 3214 ride

964 3259 1036 3310 eam,
1047 3261 1106 3315 quae
1118 3261 1170 3300 iton
1185 3245 1275 3313 hahet,
1288 3246 1369 3301 inille
1383 3246 1491 3312 habere,
1505 3263 1565 3314 quae
1577 3249 1666 3304 hahet.
1679 3248 1756 3304 Oculi

965 3336 1066 3403 vident,
1079 3352 1130 3406 qua
1141 3347 1235 3403 eatnr;
1250 3338 1331 3408 pedes
1343 3347 1417 3404 eunt,
1431 3354 1484 3409 quo
1495 3341 1564 3396 oculi
1578 3341 1754 3412 prospiciunt.

964 3427 1019 3482 Nec
1032 3427 1115 3498 pedes
1129 3440 1242 3498 possunt
1257 3429 1365 3494 videre,
1388 3445 1439 3486 noc
1453 3431 1523 3486 oculi
1537 3432 1685 3488 ambulare.
1702 3431 1756 3491 Sed

964 3521 1110 3591 respondet
1123 3522 1169 3577 tibi
1187 3537 1252 3592 pes:
1268 3522 1359 3579 Habeo
1372 3535 1400 3579 et
1412 3539 1462 3592 ego
1476 3524 1584 3592 lunien,
1599 3526 1645 3582 sed
1660 3541 1713 3586 nou
1727 3502 1756 3583 in

963 3628 1017 3679 me,
1032 3614 1078 3670 sed
1091 3615 1117 3670 in
1131 3615 1219 3669 oculo.
1236 3614 1292 3669 Non
1305 3615 1379 3671 enim
1392 3617 1485 3671 oculus
1498 3616 1548 3670 sibi
1558 3617 1640 3684 ridet,
1651 3627 1678 3673 et
1690 3615 1756 3672 mihi

964 3722 1017 3762 nun
1031 3707 1111 3763 videt.
1128 3706 1223 3762 hicunt
1237 3716 1264 3762 et
1282 3708 1352 3763 oculi
1367 3724 1373 3760 :
1389 3707 1422 3761 tu
1440 3723 1490 3762 nos
1504 3708 1685 3775 ambulamus,
1700 3721 1755 3764 non

963 3801 991 3855 in
1006 3800 1100 3866 nohis,
1116 3799 1204 3856 sedin
1221 3799 1342 3868 pedibus.
1365 3799 1423 3854 Non
1442 3799 1512 3854 enim
1536 3799 1617 3868 pedes
1632 3814 1661 3855 se
1681 3799 1755 3868 ipsos

963 3901 1085 3962 portant,
1104 3902 1132 3949 ιι
1151 3907 1200 3947 ιιι
1222 3908 1275 3948 nou
1297 3902 1414 3962 portant.
1428 3891 1536 3960 Singula
1550 3905 1614 3960 ergo
1632 3890 1754 3946 membra

963 3985 1074 4054 singulis
1086 3992 1114 4038 et
1127 3985 1241 4052 propriis
1253 3983 1347 4037 olttciis
1361 3981 1502 4035 distributa
1523 3987 1667 4048 peregerit,
1681 3978 1753 4050 qnod

963 4075 1077 4142 imperat
1090 4073 1205 4127 animus.
1218 4071 1315 4126 ιιιιιιι
1333 4079 1421 4125 tamen
1442 4069 1469 4122 ιιι
1490 4084 1544 4122 uno
1563 4082 1675 4138 corpore
1689 4083 1755 4126 eon·

963 4169 1056 4220 stituta
1069 4172 1097 4218 et
1110 4162 1241 4218 unitatem
1256 4161 1373 4217 tenentia
1388 4175 1438 4215 nec
1452 4168 1578 4230 arrogant
1596 4159 1666 4226 sihi,
1682 4157 1754 4227 quod

963 4254 1047 4310 altera
1061 4251 1181 4308 membra
1195 4251 1312 4318 habent,
1325 4251 1349 4306 si
1362 4247 1431 4305 lorte
1446 4249 1489 4304 illa
1502 4247 1623 4305 mevrrbra
1637 4264 1691 4306 non
1705 4249 1754 4306 ha·

962 4347 1038 4414 hent,
1050 4360 1100 4401 nec
1110 4353 1202 4414 putant
1215 4359 1276 4401 csse
1289 4359 1304 4398 a
1317 4358 1346 4398 se
1359 4343 1485 4407 alienum,
1499 4341 1570 4413 quod
1585 4342 1611 4397 in
1625 4357 1679 4398 nno
1693 4356 1755 4398 eor·

963 4455 1029 4512 pore
1051 4437 1174 4493 eittuliter
1195 4435 1303 4492 hahent.
1328 4435 1468 4504 Denique.
1487 4432 1604 4501 iratres,
1627 4434 1651 4489 si
1673 4431 1755 4489 alicui

963 4532 1084 4588 membro
1106 4529 1225 4599 corporis
1248 4527 1431 4583 molestiarum
1445 4524 1545 4595 aliquid
1559 4524 1677 4591 accidat,
1693 4540 1754 4596 quat

963 4625 1083 4681 membra
1104 4637 1181 4677 suum
1204 4621 1330 4675 auxilium
1349 4618 1536 4688 denegabunt?
1549 4617 1618 4687 Quid
1640 4629 1693 4675 tarn
1707 4635 1754 4691 et·

964 4725 1077 4771 tremum
1091 4715 1194 4769 videtur
1207 4713 1232 4766 in
1245 4711 1362 4776 homine,
1375 4726 1453 4780 rpuam
1465 4709 1571 4780 peslllt
1580 4711 1606 4765 in
1618 4713 1676 4784 ipso
1685 4709 1755 4783 pede

963 4807 1027 4877 quid
1041 4817 1093 4861 tam
1108 4816 1269 4868 extrenuuu,
1282 4819 1362 4873 quant
1377 4803 1485 4873 planta?
1498 4803 1532 4859 Et
1544 4804 1569 4859 in
1586 4805 1642 4875 ipsa
1663 4804 1754 4874 planta

963 4901 1026 4970 quid
1047 4910 1099 4954 tvm
1114 4896 1285 4961 inuentum,
1306 4912 1385 4966 quarn
1407 4897 1464 4966 ipsa
1486 4897 1569 4963 cutia,
1590 4895 1661 4951 uude
1681 4905 1752 4948 terra

962 4993 1099 5047 calcaturi
1116 4991 1152 5044 ltu
1169 5000 1256 5042 taitren
1273 4989 1322 5044 hnc
1335 4998 1484 5044 extremum
1498 4986 1615 5043 universi
1631 4985 1752 5055 eorporis

963 5098 1092 5152 compage
1104 5081 1248 5146 detinetur,
1263 5090 1300 5146 nt,
1315 5081 1337 5135 si
1352 5081 1378 5134 in
1394 5081 1451 5148 ipso
1462 5079 1521 5133 loca
1534 5077 1610 5146 spina
1620 5077 1750 5142 calcetur,

962 5174 996 5230 ad
1009 5174 1136 5229 arixilium
1151 5172 1234 5241 spinae
1251 5171 1375 5227 eruendae
1393 5169 1483 5225 omnia
1503 5166 1621 5223 nvembra
1635 5181 1750 5222 concur-

963 5276 1033 5320 runt.
1044 5266 1176 5320 Cominuo
1189 5263 1382 5332 cuvnplicantur
1393 5258 1516 5328 poplites.
1530 5267 1654 5313 curratur
1664 5259 1752 5329 spina,

964 5373 1016 5413 non
1029 5358 1081 5419 illa,
1097 5373 1157 5426 quae
1171 5355 1258 5419 incolt,
1270 5353 1317 5408 sed
1330 5368 1389 5421 qnae
1403 5359 1487 5405 toturn
1501 5348 1610 5406 dorsum
1622 5348 1751 5428 continet,

964 5452 1087 5513 sedetur,
1103 5458 1131 5502 nt
1149 5449 1224 5514 spina
1242 5454 1366 5508 eruatur,
1385 5442 1439 5513 jam
1457 5441 1566 5506 sedere,
1581 5452 1610 5495 nt
1629 5439 1680 5495 hoe
1695 5439 1753 5506 lat,

966 5544 1045 5596 totins
1063 5539 1182 5607 corporis
1197 5547 1247 5590 est.
1270 5536 1352 5601 Quam
1372 5535 1482 5602 exiguus
1503 5533 1577 5587 loeus
1593 5533 1618 5586 iu
1632 5532 1754 5587 molestia

964 5637 1019 5692 est!
1037 5634 1167 5689 Tantillns
1181 5632 1255 5685 locus
1269 5639 1319 5694 est,
1335 5637 1461 5699 qnuumm
1480 5628 1556 5698 spina
1576 5641 1693 5698 pungere
1707 5641 1756 5696 po·

965 5729 1025 5798 tuit,
1037 5738 1063 5786 et
1077 5737 1165 5783 tanteu
1179 5723 1250 5780 illius
1262 5722 1386 5791 extremi,
1400 5729 1427 5778 et
1440 5718 1529 5792 exigui
1541 5716 1593 5779 loci
1605 5712 1725 5778 niol'estia
1739 5733 1755 5778 a
1838 5742 1841 5747 ·
