3854 6128
134 255 188 310 885

135 376 188 440 ium
203 367 356 438 acceperim,
366 366 412 428 eit,
424 363 527 432 uutp'unt
540 362 664 431 perfectus
679 357 726 409 tint
740 354 868 424 (Plrilipp.
882 369 921 418 ιιι,

136 463 192 531 li).
209 461 242 515 Et
256 468 318 513 tuuc
332 456 445 524 subjecit
459 472 466 507 ι
481 453 603 518 Fratres,
617 466 661 522 epo
674 465 713 503 rue
725 450 808 518 ipsum
820 462 871 500 nou
883 461 926 498 tu·

136 555 216 608 bitror
226 549 430 621 apprehendisse.
441 556 464 600 ot
475 563 532 599 euru
542 544 716 599 exhortaretur
726 539 924 604 adcurreuduur,

136 654 174 711 et,
188 644 228 698 Ad
241 659 280 706 eo,
294 657 350 711 qua
363 650 421 693 oute
435 646 506 700 runt,
520 651 569 692 cor
581 633 785 697 extendendum,
800 632 926 700 Quotquot

114 739 117 744 ’
136 746 222 789 auteur
236 732 350 803 perfecti,
362 731 409 794 ait,
420 728 602 797 ltucsupiunrus
616 723 791 794 turtureum,
806 721 862 789 ld).
876 718 927 774 Stt·

137 824 294 897 predixerat
306 841 313 875 t
325 820 385 874 Non
398 820 516 888 pulejum
526 816 674 885 occeperim,
685 823 729 866 uut
737 816 793 884 jum
802 810 927 881 perfectus

136 919 201 981 tirrt,·
215 925 242 969 et
257 922 347 982 postea
361 913 424 966 dicit
438 929 443 963 :
460 911 587 978 Quotquot
599 919 682 962 autern
695 906 812 976 perfecti,
827 905 874 959 boc
885 921 927 958 ru-

137 1008 247 1077 piurnus.
272 1005 304 1059 Et
329 1005 414 1074 ipsum
435 1012 487 1056 tatu
508 1015 630 1069 ntagnum
650 997 804 1067 Apostolum
820 997 927 1050 dixeras

136 1116 197 1154 εεεε
208 1096 403 1168 reperturum
415 1095 494 1149 modo
504 1094 558 1162 jain
570 1094 658 1161 plnres
671 1089 801 1160 perfectos
812 1088 924 1153 iuvenis,

136 1199 164 1243 ct
178 1190 245 1242 ulicis
262 1206 268 1240 :
286 1188 413 1255 Quotquot
427 1194 510 1237 uatem
528 1182 647 1255 perfecti,
663 1181 710 1234 froc
723 1180 861 1249 sumantur.
879 1177 928 1231 Est

137 1295 201 1349 crgo
217 1278 343 1348 perfectio
358 1288 383 1331 ει
400 1276 535 1344 perfectio.

175 1373 215 1427 lll.
234 1371 282 1424 Est
296 1369 430 1440 perfectus
441 1368 541 1422 viator.
555 1366 598 1435 qui
612 1363 727 1419 nondum
741 1361 874 1433 perfectus
886 1368 928 1415 est

137 1473 290 1532 perventor.
308 1460 444 1515 Perfectus
456 1460 541 1511 viator
553 1458 621 1513 bene
632 1456 743 1517 accedit,
755 1454 823 1509 berre
834 1454 927 1506 arnbe-

110 1596 112 1601 .
136 1554 184 1618 lat,
198 1554 265 1606 vioru
281 1561 362 1614 tenet,
377 1552 423 1605 scd
438 1560 525 1603 tumeo
538 1549 634 1612 viator,
649 1546 766 1601 nondum
778 1544 928 1615 approben-

44 1679 48 1683 -
136 1645 185 1697 dit.
199 1642 265 1696 Nam
281 1642 382 1711 tuique,
396 1643 416 1694 si
433 1641 561 1703 ambulat,
577 1648 603 1694 et
616 1639 642 1692 in
655 1639 696 1691 via
711 1636 845 1702 ambulat,
859 1636 927 1690 alio-

138 1749 189 1802 que
204 1732 340 1796 ambulet,
360 1742 387 1786 et
406 1732 438 1784 ad
458 1730 556 1799 aliquid
578 1729 716 1798 pervenire
732 1737 853 1782 conatur.
870 1725 928 1793 Quo

137 1841 203 1895 ergo
216 1826 356 1894 pervenire
369 1825 516 1878 connlnuur
528 1820 687 1890 ultrastoius,
703 1819 820 1875 nondum
833 1833 928 1887 appro-

137 1916 276 1969 benderat.
293 1916 326 1969 Et
339 1915 460 1968 bortatur
474 1912 614 1982 periectos,
628 1922 658 1968 ut
671 1912 757 1966 sciant
769 1925 798 1965 se
810 1909 927 1963 nondum

138 2023 200 2063 esse
215 2006 365 2076 perfectos,
380 2007 480 2059 scireut
494 2001 722 2073 imperfectionem
738 2017 823 2056 suam.
837 1998 929 2055 Perfe-

137 2100 191 2153 ctio
210 2098 318 2152 viatoris
333 2106 393 2160 εει,
410 2098 476 2150 seire
496 2096 612 2149 nondnrn
627 2109 656 2148 se
670 2094 821 2162 pervenisse
834 2091 867 2146 ad
881 2089 926 2157 id,

136 2204 191 2259 quo
205 2188 299 2242 tendit.
322 2187 402 2242 Novit
420 2188 490 2241 eninr
504 2227 511 2253 ,
526 2197 651 2255 quautttto
673 2193 853 2256 transgressus
867 2192 927 2246 est,

136 2289 265 2350 querutum
286 2279 324 2333 illi
347 2288 492 2333 rctuoneat.
514 2277 634 2331 δειιιιιιιε
654 2290 717 2345 crgo
733 2289 782 2330 uos
801 2289 853 2327 nou
868 2287 928 2327 osse

137 2373 271 2442 perfectos
283 2413 291 2436 ,
303 2382 433 2442 qttotqnot
445 2386 536 2425 sutnns
553 2368 660 2438 perfecti
673 2409 681 2434 ,
696 2383 728 2423 ne
742 2380 928 2423 remaneamus

137 2463 294 2533 imperfecti.
317 2464 385 2531 Quid
405 2465 543 2525 dicemus,
561 2461 676 2516 fratres?
691 2460 782 2514 Nonne
797 2460 929 2529 perfectus

136 2554 238 2626 Martyt
251 2555 400 2623 Quadratus
413 2552 469 2624 (ali
478 2554 545 2619 Quid
559 2554 689 2620 ttttadrato
705 2550 863 2620 perfectius?
876 2550 928 2603 Pa·

137 2649 177 2702 ria
191 2657 253 2702 sunt
267 2649 360 2712 latera,
378 2646 494 2714 undiquc
507 2645 616 2712 aerpualis
630 2654 670 2698 εει
684 2646 786 2707 ftrrmn,
801 2656 930 2711 quaomn-

137 2740 320 2808 anteverterit,
333 2740 413 2793 statio
423 2746 473 2801 εει,
487 2751 538 2789 uon
551 2736 637 2790 ruina.
650 2735 672 2788 0
683 2750 777 2788 trouren
788 2734 927 2805 pulcbrum

137 2828 325 2883 dernunstrans
338 2828 448 2895 figurant
462 2866 470 2892 ,
484 2833 511 2878 et
526 2825 646 2878 indicans
659 2839 714 2877 rent
728 2823 854 2878 futuram.
869 2823 927 2879 latu

137 2918 288 2985 Quadratus
301 2927 327 2972 ct
340 2927 417 2971 antea
431 2916 593 2980 vocabatur,
608 2924 634 2968 ct
648 2915 764 2968 nontlttttt
778 2914 928 2969 coronaba-

138 3022 191 3066 tur.
215 3010 336 3065 Nendttm
362 3009 555 3064 intentatione
578 3017 756 3076 apparuerat,
781 3023 827 3076 por
849 3021 929 3075 quam

137 3115 209 3162 osset
231 3105 274 3159 ille
293 3105 455 3175 quadratus,
471 3111 497 3157 ct
517 3112 625 3166 tamen,
645 3102 750 3172 quattdo
765 3101 927 3162 vocabatur,

138 3197 364 3269 praenuntiabatur
386 3194 587 3266 predestinatus
607 3201 669 3248 autc
689 3192 778 3246 muudi
798 3190 928 3246 constitu-

137 3291 256 3355 tionem,
270 3299 296 3343 ει
309 3298 338 3343 ut
351 3288 402 3341 boc
417 3298 572 3347 vocaretur,
589 3285 639 3339 boc
654 3285 679 3338 in
693 3283 738 3337 illo
749 3283 927 3352 compatitur,

138 3391 168 3433 ut
184 3381 336 3449 irupleretur
349 3421 357 3443 ,
370 3387 398 3432 et
411 3388 498 3431 tameo
514 3376 684 3435 ambulabat.
699 3383 727 3429 ει
741 3383 826 3429 tamen
842 3373 930 3428 adbuc

138 3469 166 3522 in
182 3471 223 3522 tria
237 3477 312 3532 erat,
329 3477 356 3521 ει
374 3467 491 3535 quandiu
510 3477 568 3521 crat
587 3468 612 3520 in
635 3467 686 3520 boc
699 3480 828 3536 corpore,
846 3473 929 3518 toturn

137 3560 293 3621 timebatur,
304 3567 330 3612 ει
344 3574 378 3613 nc
391 3567 550 3623 remaneret,
563 3569 588 3612 ει
602 3575 635 3613 ne
648 3569 720 3612 retro
733 3556 842 3622 rediret,
857 3565 884 3610 ει
897 3572 931 3611 uo
958 3545 963 3553 ⁴

139 3651 310 3707 exorbitaret.
323 3651 398 3705 Nunc
409 3666 473 3706 sero
483 3652 609 3716 cucurrit,
621 3653 688 3705 viam
700 3651 795 3715 stitivit,
807 3651 832 3703 in
844 3648 930 3703 solido

138 3744 232 3806 stetit,
245 3742 422 3796 coaedificatus
450 3754 491 3797 εει
508 3744 542 3796 ab
562 3744 663 3797 artifice
682 3758 750 3797 arcte
769 3741 928 3805 dominico,

139 3848 199 3903 qttas
214 3834 240 3887 iu
261 3832 342 3902 figura
360 3832 434 3901 jussa
450 3842 491 3886 cst
504 3832 628 3886 aedificari
648 3833 681 3887 de
700 3832 778 3900 ligetis
793 3830 930 3898 quadratis
957 3823 961 3830 ’

141 3923 240 3996 (Esou.
253 3940 336 3989 xtvn,
350 3924 387 3994 ll.
398 3924 537 3991 llodnJ'am
550 3923 647 3977 nullam
659 3923 831 3977 tentationem
843 3921 928 3976 timet.

140 4017 248 4072 Audiuit
264 4025 425 4082 vocatorem,
439 4014 536 4071 audivit
551 4014 625 4069 illruu
639 4025 665 4069 ct
680 4015 722 4069 ille
738 4014 928 4073 invocatorem,

139 4118 246 4162 secretus
260 4117 300 4162 εει
313 4108 488 4174 salvatorem,
506 4116 592 4178 portat
604 4104 779 4162 habitatorem
793 4104 841 4177 (l).
857 4104 930 4159 Con-

141 4198 248 4267 tempsit
261 4198 387 4252 mundum
401 4198 590 4263 blandientem,
604 4197 667 4252 vicit
679 4206 832 4260 terrentem,
846 4193 932 4249 evasit

140 4289 282 4343 furentem.
297 4288 389 4358 lfagua
401 4299 451 4352 cst,
464 4288 571 4354 fratres,
581 4286 724 4359 Martyrum
737 4287 831 4359 gloria,
844 4287 930 4357 prima

139 4380 167 4433 in
184 4379 312 4434 Ecclesia.
327 4378 506 4448 Quaecumque
529 4387 591 4433 suut
609 4379 687 4445 alise,
702 4387 842 4448 sequentes
857 4386 929 4432 sutrt.

137 4467 197 4522 Non
222 4469 294 4523 euim
317 4451 420 4524 frustra‘
435 4468 533 4522 dictum
553 4476 595 4522 cst
614 4468 772 4538 quibusdam
788 4467 930 4522 :Nondum

138 4574 218 4626 usque
231 4560 264 4612 ud
276 4561 423 4630 surpuinent
438 4559 558 4614 aduersus
573 4569 701 4629 peecatum
714 4560 827 4613 certastis
837 4558 928 4629 (Heio.

140 4661 178 4700 ιιι
191 4685 200 4712 ,
215 4649 232 4701 ι
245 4649 265 4715 l.
282 4648 392 4716 Quando
414 4650 529 4716 tolerat,
544 4649 650 4720 qttando
669 4648 783 4704 sustinet
802 4649 930 4703 mundum

140 4738 313 4804 sevientem,
328 4740 373 4809 qui
385 4754 513 4807 spernere
528 4756 581 4798 non
594 4751 679 4812 potest
695 4740 895 4796 blandientem?

176 4829 222 4883 lll.
243 4829 288 4883 Αιι
303 4829 373 4884 idom
388 4832 530 4899 Apostolus
550 4850 557 4886 :
584 4832 731 4887 llutrtortttnt
750 4831 807 4884 dico
822 4840 925 4901 propter

173 5051 210 5114 (u)
223 5058 245 5098 s.
259 5049 376 5110 potueruut
397 5050 522 5105 Memorio,
543 5052 617 5101 verba
632 5062 689 5104 ειιιιι
704 5056 765 5108 God.
779 5059 931 5110 Henscbenii

141 5114 196 5162 Act.
215 5112 259 5161 SS.
272 5113 301 5162 Τ.
321 5113 363 5162 lli.
381 5112 436 5161 binii
447 5112 477 5161 ad
488 5113 553 5161 dieto
565 5111 603 5163 ιδ.
618 5128 640 5177 p¹
653 5116 707 5166 569.
727 5127 779 5182 post
794 5124 931 5173 etstmrdum

139 5170 256 5225 adoneae.
279 5173 415 5241 notuerunt,
437 5172 544 5234 aliosque
563 5176 708 5227 recemiores
729 5180 764 5230 itu
785 5181 876 5232 inserto
895 5190 932 5233 est

140 5237 311 5298 ttortpretopro
329 5244 431 5285 nouuoo
446 5248 454 5284 :
467 5235 493 5284 ln
505 5235 585 5286 Aleion
599 5235 624 5286 S.
639 5238 753 5296 Quadrati
774 5243 892 5307 biartprts,
904 5247 930 5294 in

140 5298 210 5359 cuijus
221 5297 374 5367 soletuuttaac
386 5297 411 5345 S.
425 5299 574 5360 Augustinus
591 5312 730 5350 scrnronem
742 5302 834 5353 babuit.
857 5307 931 5356 ,addit

140 5367 260 5408 ortroruus
271 5371 323 5419 epus
335 5358 453 5408 sermonis
463 5359 663 5419 ruerrtionemft'eri
673 5361 698 5412 itt
706 5363 929 5417 ludiculoPossidii.

143 5418 240 5528 uniberto
251 5419 291 5470 bic
303 5419 405 5482 prodent
415 5420 545 5485 olipttando
553 5421 563 5473 ι
571 5422 602 5473 Et
613 5435 645 5472 eo
657 5424 781 5487 impletum
792 5431 876 5492 optimi
885 5430 930 5480 Se·

138 5491 177 5528 urs
188 5493 218 5528 ro
230 5495 277 5530 utu.

173 5543 210 5603 (ιι)
228 5543 249 5589 A
270 5543 360 5593 Graecis
378 5552 522 5607 accepturu,
545 5547 632 5608 utribus
651 5550 710 5598 varii
731 5551 829 5610 Sancti,
841 5554 929 5616 Piique

138 5615 370 5724 giiiipr'iswmm
384 5606 446 5657 Vide
459 5607 575 5657 totelerii
588 5616 654 5661 notos
665 5610 698 5660 att
709 5613 783 5675 epist.
796 5625 821 5667 s.
843 5615 930 5680 tpuotti

737 240 767 295 S.
788 233 970 294 toobsttttt
989 233 1143 291 EPlSCOPl
1183 288 1186 294 .

1719 229 1775 287 888

979 351 1152 420 iufiruritoteur
1173 349 1257 402 caruis
1277 356 1375 402 oestro.
1398 344 1470 401 Sicut
1492 344 1643 400 eafrifiuistis
1661 347 1776 404 menube

979 441 1197 497 oestradeseroire
1216 438 1434 493 tormentoruni
1457 438 1623 502 iniquitatem,
1648 435 1685 490 sie
1705 452 1775 490 nune

979 532 1092 587 ealtiltete
1103 532 1213 586 ntembro
1224 542 1305 584 oestro
1323 529 1448 584 deservire
1460 528 1567 598 jrtstitite
1582 529 1609 582 iu
1626 531 1775 596 sanctificu-

980 627 1072 680 tionem
1085 624 1172 696 (flonr.
1189 640 1224 688 vt,
1244 622 1298 695 te).
1315 623 1438 693 blugnutu
1451 631 1493 676 est
1507 621 1591 687 valde,
1612 622 1684 692 quod
1699 622 1776 677 vide-

980 726 1023 772 tur
1035 717 1167 772 bertatus.
1183 716 1306 773 lfetiatnr
1327 729 1357 771 se
1375 712 1556 784 utrosquisque
1570 713 1595 767 iu
1618 713 1659 768 bis
1680 714 1776 771 verbis

979 809 1110 879 Apostoli.
1123 807 1181 862 Nou
1196 807 1343 862 adulatorie
1364 805 1453 875 palpet
1467 820 1506 867 se,
1529 804 1661 875 appendat
1679 822 1720 871 sc,
1745 814 1776 859 ει

979 899 1050 954 dicat
1063 899 1114 954 sibi
1128 915 1231 953 verum.
1253 897 1321 963 Quid
1340 914 1355 950 a
1378 911 1420 950 tue
1440 903 1566 965 expectat
1586 896 1696 950 audire?
1714 895 1775 966 lpse

979 991 1029 1046 sibi
1043 991 1122 1047 dicat.
1138 990 1195 1061 Ego
1207 989 1327 1059 disposui
1347 987 1485 1056 speculum
1506 1000 1670 1056 proponere,
1686 986 1730 1039 ubi
1746 1000 1776 1040 sc

980 1084 1092 1154 quisque
1113 1082 1240 1138 attendat.
1258 1082 1316 1137 Non
1338 1097 1397 1136 suut
1415 1097 1465 1150 ego
1484 1080 1585 1150 speculi
1608 1078 1706 1151 irriger,
1728 1079 1775 1149 qui

980 1175 1075 1231 faciem
1102 1191 1176 1229 stram
1200 1175 1314 1228 intuenti
1341 1174 1486 1228 renuntiet.
1509 1171 1601 1227 Facies
1621 1172 1694 1227 enirn
1712 1171 1775 1226 illas

980 1265 1041 1321 dico
1065 1265 1155 1331 otrodo,
1177 1281 1243 1336 quas
1259 1264 1388 1320 babemus
1407 1265 1490 1319 intus.
1512 1263 1586 1333 ipsas
1608 1279 1655 1334 per
1677 1279 1772 1319 attretn

980 1357 1125 1413 convenire
1146 1373 1274 1426 possum„
1291 1357 1383 1412 videro
1406 1372 1460 1411 non
1489 1370 1606 1424 possum.
1629 1355 1772 1425 Spccrrlum

980 1464 1045 1506 saue
1059 1463 1189 1518 propono.
1206 1448 1331 1504 Atterrdat
1344 1464 1374 1504 se
1390 1448 1586 1518 uuusquisque,
1601 1458 1627 1502 et
1639 1451 1774 1503 renuntiet

981 1542 1043 1597 sibi.
1060 1540 1118 1611 lpsa
1134 1542 1215 1597 verba
1235 1541 1368 1611 Apostoli,
1388 1557 1447 1610 qnae
1468 1540 1687 1605 comittemoravi,
1704 1540 1775 1595 iudi·

981 1647 1041 1687 cctn
1055 1632 1156 1702 speculi
1174 1634 1295 1703 accipite.
1314 1631 1462 1686 lluururtunr
1475 1633 1533 1686 dico
1548 1642 1653 1702 propter
1663 1634 1775 1702 inproui-

982 1733 1057 1778 tateut
1070 1726 1153 1779 curuis
1172 1737 1269 1779 uestrte.
1295 1725 1369 1780 Sicut
1389 1724 1537 1778 retribuistis
1560 1726 1673 1779 membra
1695 1735 1775 1781 aestro

982 1815 1105 1870 deservire
1117 1818 1283 1872 inununditior
1295 1818 1329 1870 ud
1343 1817 1510 1888 iniquitatem,
1529 1820 1566 1871 sic
1581 1833 1649 1871 nuuc
1663 1817 1775 1872 abibae

981 1907 1092 1960 uterrtlrro
1113 1917 1193 1961 restra
1214 1908 1337 1962 desereire
1355 1909 1464 1977 justitie
1486 1910 1513 1962 in
1538 1909 1772 1977 sanctificationem.

982 1997 1050 2066 Quid
1062 2008 1103 2053 εει
1118 1998 1183 2053 Sic?
1194 1998 1270 2053 Sicut
1290 1998 1364 2063 illutl,
1381 2000 1417 2054 ita
1432 2010 1459 2054 et
1474 1999 1555 2054 istud.
1570 1999 1680 2066 Quando
1694 2002 1773 2055 eviri-

981 2091 1063 2147 bebas
1077 2091 1195 2146 membra
1210 2102 1254 2146 tua
1275 2108 1349 2147 arura
1371 2092 1519 2163 iniquitatis
1539 2103 1649 2163 peccato
1668 2095 1700 2147 ad
1719 2094 1773 2148 itn-

981 2188 1150 2253 tuunditiam,
1173 2188 1323 2243 delectabat
1338 2187 1387 2242 tel
1407 2187 1557 2257 Interrogo.
1580 2186 1703 2253 Attende,
1727 2203 1773 2242 re-

981 2278 1093 2348 sponde.
1111 2277 1262 2333 Delectabat
1286 2279 1332 2333 tel
1353 2278 1439 2333 Audio
1455 2278 1675 2347 respondentem,
1692 2280 1773 2335 etiarn

983 2380 1125 2427 tacentem.
1147 2372 1204 2427 Non
1223 2374 1295 2428 enim
1315 2371 1429 2436 faceres,
1452 2374 1501 2427 nisi
1521 2373 1678 2429 delectaret.
1700 2376 1775 2429 Sicut

982 2479 1047 2534 ergo
1069 2464 1213 2518 extribuisti
1235 2464 1354 2529 membra
1376 2473 1419 2517 tua
1441 2463 1577 2518 deservire
1601 2464 1774 2519 immunditie

982 2553 1015 2608 ad
1034 2555 1211 2623 iniquitatem,
1229 2564 1329 2609 etcum
1350 2556 1529 2610 delectatione
1545 2557 1594 2609 ista
1617 2556 1715 2622 fecisti,
1740 2557 1774 2610 ita

983 2645 1099 2700 delectet
1121 2655 1147 2699 te
1168 2645 1312 2715 aliqttantlo
1332 2646 1446 2714 justitia.
1473 2645 1550 2711 Nolo,
1570 2647 1665 2702 timore
1679 2646 1771 2708 facias,

982 2736 1047 2790 utcu
1063 2737 1109 2790 ιιιι
1126 2737 1208 2791 oeus.
1220 2736 1353 2806 Ntttttqttitl
1370 2720 1440 2791 ulto
1456 2737 1518 2791 tuot
1531 2738 1624 2792 otono
1635 2736 1772 2791 ttetenasr

983 2828 1038 2892 Sic,
1055 2829 1148 2898 iuquit.
1163 2829 1209 2881 aie.
1225 2829 1298 2883 Sicut
1310 2829 1458 2884 ealtibuistit
1469 2828 1574 2882 rneutlra
1587 2839 1669 2883 uestro
1683 2832 1772 2883 deter-

982 2922 1034 2974 oire
1047 2919 1213 2973 immunditie
1225 2920 1259 2974 ad
1273 2921 1440 2990 iniquitatem,
1453 2922 1487 2975 sic
1499 2937 1562 2980 nuuc
1571 2920 1683 2975 exbibete
1693 2937 1773 2974 ntem·

983 3009 1028 3065 oro
1047 3019 1128 3063 uestra
1150 3010 1273 3064 desereire
1289 3012 1399 3080 justitite
1420 3012 1453 3065 ud
1472 3012 1709 3080 sanctificationem.
1734 3011 1774 3066 Ad
1817 3046 1821 3053 -

981 3102 1111 3173 justitiam
1126 3101 1221 3154 timore
1235 3101 1415 3170 compelleris,
1427 3103 1461 3156 ad
1472 3102 1670 3156 irumuuditinm
1684 3117 1773 3156 amore

982 3192 1120 3259 currebas.
1137 3190 1205 3260 Quid
1219 3192 1358 3263 pulcbrius
1368 3195 1519 3265 supientia?
1535 3194 1611 3264 flego
1622 3208 1679 3248 vos.
1693 3194 1772 3264 Digna

960 3342 962 3346 ,
983 3291 1026 3339 εει
1038 3284 1080 3339 vel
1096 3284 1135 3339 sic
1155 3285 1251 3349 amari,
1274 3287 1408 3354 ottoruodo
1430 3276 1516 3341 aurata
1531 3299 1573 3342 εει
1597 3288 1772 3342 immunditia.

983 3375 1096 3441 Quando
1109 3376 1237 3432 currebas
1255 3376 1287 3429 ad
1311 3378 1516 3444 immunditiam,
1539 3378 1733 3447 prohibebaris,
1748 3389 1774 3434 ct

983 3466 1051 3520 ibas.
1070 3466 1174 3521 Patrem
1196 3466 1361 3533 (offendebas,
1379 3477 1405 3523 ct
1424 3470 1562 3524 ctrrrebas
1585 3470 1699 3525 Paratus
1717 3485 1775 3524 eras

984 3557 1200 3623 exhaeredabat
1213 3559 1246 3613 ab
1261 3559 1332 3614 illins
1346 3562 1477 3631 pravitate
1494 3577 1546 3615 uon
1563 3563 1694 3630 separari.
1707 3561 1775 3630 Quid

984 3649 1103 3704 dicturus
1118 3651 1167 3705 es?
1182 3649 1264 3704 lloca
1281 3662 1306 3705 tc
1320 3653 1401 3721 erigit
1420 3653 1532 3721 justitia,
1557 3655 1628 3724 quod
1642 3655 1675 3709 de
1687 3665 1713 3709 tc
1728 3655 1776 3708 ba-

983 3739 1041 3795 buit
1064 3741 1241 3795 iuuunnditia.
1263 3742 1382 3797 Audistis
1404 3743 1578 3814 Evatrpolintu
1604 3761 1611 3798 τ
1637 3744 1697 3798 b'oa
1722 3745 1776 3797 erni

985 3847 1072 3900 parent
1087 3832 1184 3885 mittere
1194 3834 1220 3885 in
1235 3843 1337 3897 terrarn,
1353 3834 1397 3887 sed
1410 3834 1524 3903 ploditnrt
1543 3834 1650 3902 (lfottfr.
1672 3852 1700 3898 tt,
1719 3836 1775 3905 et).

985 3921 1058 3976 Dixit
1080 3937 1109 3977 sc
1134 3935 1317 3994 separaturum
1341 3927 1436 3980 liliosa
1453 3928 1615 3996 parentibus.
1640 3927 1712 3996 Ergo
1731 3937 1775 3982 at·

985 4011 1065 4066 tende
1079 4013 1150 4066 illato
1174 4013 1344 4069 nraelueratn.
1367 4013 1448 4070 Forte
1472 4015 1511 4070 vis
1535 4016 1587 4071 Deo
1609 4017 1723 4076 servire,
1746 4027 1776 4071 ct

957 4180 960 4184 Δ
985 4112 1061 4172 pater
1084 4105 1235 4173 probibet?
1262 4107 1373 4173 Qtrando
1400 4108 1595 4163 innnurnlitiaut
1624 4108 1773 4174 diligebas,

985 4196 1064 4251 ctiam
1084 4207 1159 4265 patro
1180 4199 1337 4266 proluibcute
1351 4201 1488 4255 currebas.
1512 4200 1590 4254 blodo
1608 4208 1634 4255 te
1654 4200 1780 4270 pruinibot

982 4287 1085 4360 justitia
1101 4300 1247 4346 amatorem
1262 4306 1351 4345 snum.
1367 4291 1492 4346 lrrveuisti
1506 4303 1532 4346 et
1548 4292 1591 4347 bic
1602 4301 1703 4362 patrem
1716 4308 1780 4361 puo-

985 4379 1133 4434 bibentem.
1150 4379 1236 4435 Enete
1249 4381 1400 4437 libertatern
1413 4393 1496 4447 tuam,
1511 4383 1558 4453 qui
1571 4384 1698 4438 exeruisti
1715 4394 1780 4436 ttutc

984 4471 1156 4541 cupiditatem
1174 4483 1256 4527 ruant.
1279 4473 1389 4530 Paratus
1403 4489 1463 4530 eras
1478 4484 1541 4529 tnnc
1553 4475 1734 4535 exltaercdari,
1752 4485 1779 4529 et

985 4561 1019 4616 ab
1035 4562 1103 4616 illius
1124 4563 1301 4619 imrrruuditiao
1325 4566 1455 4636 pravitate
1477 4581 1530 4620 nou
1550 4566 1680 4637 separari.
1698 4565 1781 4618 Pom-
1826 4602 1836 4620 .

986 4664 1028 4708 tus
1043 4664 1101 4712 esto
1114 4653 1293 4723 exitarcdari,
1310 4667 1336 4712 ει
1352 4672 1366 4710 a
1384 4657 1496 4727 justitie
1512 4655 1713 4726 pulchritudine
1728 4670 1780 4708 uon

986 4750 1114 4818 separari.
1133 4749 1256 4820 llagnntn
1271 4760 1322 4817 est,
1342 4749 1388 4805 sod
1404 4750 1505 4819 justum
1521 4759 1571 4804 εει.
1587 4747 1653 4817 Quis
1667 4758 1720 4809 est,
1734 4749 1780 4817 otri

986 4841 1083 4896 audeat
1096 4840 1186 4896 dicero
1202 4861 1208 4895 :
1226 4842 1279 4898 Sed
1302 4843 1360 4912 plus
1382 4842 1474 4896 delruit
1495 4841 1578 4895 autari
1598 4839 1778 4896 tmotuuetuu,

985 4947 1065 5002 quarn
1089 4933 1209 5002 justitia?
1235 4932 1342 4988 laterior
1368 4932 1469 5003 justitia
1494 4932 1604 5002 gradium
1631 4930 1678 4984 tibi
1706 4929 1780 4984 facit.

985 5024 1074 5090 Certe,
1098 5026 1193 5094 instruit,
1212 5025 1349 5079 dissimilis
1371 5039 1449 5089 sum;
1475 5032 1548 5079 certe
1567 5023 1712 5094 plurimum
1734 5021 1780 5074 di·

986 5127 1039 5173 stat
1068 5118 1138 5172 inter
1168 5117 1238 5170 illins
1273 5116 1448 5171 trumuudttie
1474 5116 1609 5179 tenebras,
1634 5124 1662 5170 ει
1693 5117 1781 5167 lucem

986 5224 1096 5274 nteattt,
1125 5208 1195 5262 inter
1222 5206 1293 5262 illam
1322 5208 1478 5278 pravitatem
1502 5218 1528 5261 ct
1553 5204 1782 5275 pulcbritudineut

986 5316 1085 5366 tneaut,
1116 5300 1185 5354 inter
1204 5298 1274 5353 illius
1296 5298 1377 5355 decus
1402 5313 1428 5354 et
1455 5299 1538 5353 decus
1566 5311 1670 5352 tneutn.
1700 5293 1784 5349 Certe

986 5393 1130 5464 plurimum
1150 5391 1241 5446 distat.
1268 5393 1375 5448 lttteriut
1397 5391 1507 5463 gradum
1530 5406 1610 5460 poue.
1636 5387 1684 5443 Sic
1707 5385 1783 5439 ttrlo·

986 5484 1052 5540 Nam
1067 5484 1124 5554 pltts
1139 5483 1234 5546 tlcbeo,
1250 5484 1310 5553 plus
1322 5485 1429 5538 oumino
1439 5482 1535 5537 debeo.
1548 5483 1684 5548 Quantum
1697 5477 1781 5540 disto,

987 5586 1089 5630 tantum
1110 5574 1205 5630 debeo.
1224 5575 1277 5630 Sed
1300 5575 1444 5629 llnutuuunr
1464 5576 1531 5640 dico,
1557 5574 1706 5627 lututaneru
1727 5566 1770 5623 dif

988 5670 1056 5737 fero,
1069 5686 1151 5741 ottavo
1165 5669 1284 5726 tlivinnrn
1300 5669 1410 5726 differo?
1431 5667 1580 5723 flurrranttnr
1599 5666 1657 5721 dico
1677 5674 1785 5735 propter
