3854 6128
129 219 186 277 895

127 331 273 388 Proconsul
297 340 386 386 contra
411 331 484 385 iilum
502 330 649 399 palleavit,
669 348 722 384 uon
741 330 916 386 criminosi

127 439 191 496 ergo
201 425 330 494 judicium
344 425 460 477 bominis
475 425 548 492 parti
565 423 667 492 pendit,
680 437 787 492 quareo
803 422 920 476 Procurr-

127 518 186 571 sule
206 516 238 569 :ro
255 515 445 585 Imperatorem
462 515 628 584 appellanti
642 515 728 584 Ipsius
750 513 920 568 I‘roconsniis

125 610 254 680 judicium
275 611 330 679 ipse
351 607 496 679 flagitarit,
512 608 569 676 ipsc
589 607 659 662 dixit
675 625 680 660 :
696 607 764 661 Audi
785 622 837 660 nte.
860 605 919 660 Nou

127 717 185 757 suni
203 685 353 756 imr'eticus.
370 699 453 770 Gtrjus
472 699 601 769 judieIum
623 698 746 767 flagitasti
768 698 827 766 ejus
846 695 919 766 judI·

126 796 196 851 clunt
210 794 334 864 displicet
345 793 389 847 tibi
400 796 412 844 i
424 792 530 860 erare?
544 791 609 860 Qtria
625 799 717 845 eontra
732 799 758 844 ιο
768 786 919 858 judicarit?

126 884 154 942 Si
171 901 218 954 prro
239 894 264 938 ιο
282 883 432 952 judIearet,
452 883 520 936 bene
540 881 682 950 judicaret.
697 880 764 947 Quia
784 890 878 933 contra
893 887 919 934 le

124 978 262 1048 judicarit,
280 976 348 1030 nrale
360 975 498 1046 judicavit.
515 975 663 1041 Antequam
675 972 820 1042 judiearet,
833 971 919 1026 bonus

124 1070 205 1138 judea
219 1080 286 1133 erat,
298 1069 340 1122 eoi
352 1067 440 1121 dixisti
456 1085 462 1120 :
476 1065 534 1119 Non
546 1080 604 1120 sum
619 1065 770 1121 taarencus.
785 1063 851 1118 sardi
864 1077 917 1118 me.

126 1160 178 1217 Sed
192 1160 320 1230 judicarit
335 1158 492 1221 ProconsuI,
508 1157 604 1226 inqtrit,
619 1155 767 1210 secundum
781 1154 853 1225 leges
866 1153 919 1208 Im·

126 1262 289 1321 paratorum,
306 1264 359 1303 nou
374 1248 520 1303 secuudum
537 1248 610 1316 leges
631 1246 777 1316 Evangelii.
793 1246 831 1300 Ita
847 1244 919 1300 lece·

126 1344 169 1404 rit,
186 1342 332 1396 secundom
352 1341 426 1409 leges
437 1340 631 1408 Imperatorum
653 1337 801 1392 Proeotrsul
812 1336 917 1406 judica·

127 1435 203 1488 terit.
219 1435 247 1488 Si
262 1447 326 1502 crgo
342 1431 413 1485 nrale
431 1438 524 1484 eontra
545 1440 570 1484 te
588 1428 708 1497 judicant
722 1428 915 1497 Imperatores,

126 1542 208 1597 qttare
223 1541 238 1579 a
254 1524 417 1580 Proconsule
434 1521 469 1576 ad
483 1536 577 1576 eorum
595 1520 726 1589 judicium
750 1519 917 1589 provocastii

124 1616 182 1673 lain
197 1628 273 1672 erant
288 1616 361 1686 leges
374 1615 570 1685 Imperatorum
585 1622 679 1668 contra
694 1623 736 1678 te,
751 1629 785 1668 aa
798 1612 917 1669 noudum

126 1709 218 1766 erarn'i
232 1709 259 1763 Si
276 1707 393 1762 norrdum
410 1715 503 1772 erant,
519 1721 573 1759 nort
595 1704 741 1760 secuudum
763 1706 834 1775 ipsas
848 1705 916 1759 Pro·

125 1799 218 1856 cotrsui
235 1798 373 1867 judicavit.
387 1797 414 1853 Si
427 1795 482 1866 jam
497 1805 589 1861 erant,
604 1795 732 1864 numquid
754 1810 802 1866 pro
819 1805 845 1850 te
862 1795 916 1850 Int-

124 1904 263 1965 peralores
283 1902 376 1948 contra
396 1891 469 1961 leges
484 1905 547 1945 suas
559 1890 703 1960 judicaturi
717 1889 800 1944 sutri?
816 1889 917 1944 Ileirrdc

124 2000 215 2057 quaro
234 1985 281 2038 abs
304 1993 330 2039 ιο
346 2002 351 2036 :
367 1983 436 2052 Ipsa
461 1981 534 2052 leges
557 1983 750 2053 Imperatorum
772 1997 831 2050 tarrae
854 1990 917 2037 sunt

124 2089 215 2133 cartura
233 2077 281 2132 te?
295 2075 363 2145 Quid
384 2074 483 2130 Iactum
503 2075 564 2129 est?
583 2074 649 2151 doec
671 2075 730 2129 rue!
748 2073 914 2129 Manifestum

123 2179 164 2226 est
176 2171 258 2233 cuitu,
273 2179 300 2222 et
314 2183 365 2223 uou
382 2178 504 2238 negatur,
521 2166 618 2220 rrrultas
637 2166 829 2235 Imperatorum
843 2166 915 2236 leges

121 2278 180 2318 esse
202 2263 331 2317 adversus
354 2265 436 2330 ipsos.
462 2259 538 2316 Unde
560 2260 612 2314 boe
629 2260 758 2326 contigit?
773 2258 848 2315 Unde
863 2259 915 2315 boc

121 2355 218 2410 laetum
233 2362 273 2408 est
282 2355 293 2405 'l
305 2353 359 2407 lios
369 2352 438 2408 Iorte
452 2351 585 2421 persecuti
600 2365 703 2417 sunrus,
715 2360 741 2405 et
752 2351 833 2404 inuita
844 2351 913 2405 ntaia

122 2444 333 2515 Imperatoribus
345 2443 379 2498 de
392 2443 468 2497 vobis
483 2441 618 2495 diximusi
632 2441 688 2496 iioe
701 2440 808 2510 ‹pridem
823 2441 915 2496 dieunt

120 2537 173 2604 bis,
188 2552 256 2608 quos
269 2537 382 2591 mireros
393 2535 530 2603 decipiunt
542 2534 689 2603 Imperitos.
703 2533 817 2588 Vausam
829 2533 912 2599 enirn,

120 2627 345 2700 quemadmodum
359 2627 404 2682 iiio
419 2636 539 2696 tempore
552 2635 626 2696 gesta
640 2635 691 2691 est,
706 2625 812 2694 penitus
824 2624 915 2681 occul·

12 2726 16 2735 '
119 2729 177 2775 tant
195 2722 253 2784 eis,
270 2735 337 2790 quos
357 2718 483 2788 decipere
504 2716 608 2771 volunt.
631 2715 701 2781 Sed,
719 2716 914 2785 quantumlibet

118 2809 267 2873 occultent,
281 2809 394 2872 eruitur,
416 2807 543 2874 patescit,
561 2805 730 2875 publicatur,
746 2805 771 2858 in
790 2806 912 2860 notitiam

118 2902 253 2974 prolertur
266 2902 347 2956 etiam
362 2899 516 2964 invitorum,
531 2907 558 2952 et
572 2897 764 2952 recusantium.
779 2896 912 2953 Claudan-

119 3004 159 3051 tcs
173 2995 283 3059 oeulos,
298 3007 330 3046 ac
342 2991 465 3045 nolentes
481 2988 570 3044 iucem
583 2990 676 3044 ridere
689 2989 745 3058 ipsa
760 2988 806 3043 lux
821 2987 910 3044 Ierlat.

117 3087 175 3144 Non
189 3088 229 3142 eis
245 3086 324 3140 liceat
337 3082 507 3140 dissimulare
527 3080 686 3137 manifesta!
705 3079 763 3136 Nou
778 3080 819 3136 eis
833 3080 912 3137 liceat

117 3181 202 3237 averti
218 3195 233 3235 a
248 3177 417 3250 patentibus!
434 3175 492 3232 Non
514 3175 553 3230 eis
575 3174 656 3230 liceat
674 3186 767 3244 aperta
785 3175 909 3245 operire!

117 3272 232 3343 Urgeam
248 3286 296 3327 eos
310 3268 450 3324 manifesta
468 3268 589 3323 veritate.
604 3264 659 3321 Vos
677 3266 847 3335 Imperatoris
865 3265 910 3335 ju·

118 3364 217 3422 dicium
232 3363 382 3435 flagitastis.
398 3360 567 3417 Mentiorinii
588 3360 683 3430 inquit.
700 3359 799 3414 Extant
811 3358 911 3416 clrartae

118 3459 230 3531 pubbeae
246 3456 297 3528 (a).
319 3455 372 3527 ipsi
397 3454 542 3509 borrat'rsoe
556 3453 590 3508 dc
612 3452 691 3507 Parte
709 3451 848 3519 biajoriui,
864 3452 910 3523 qui

117 3551 192 3623 prlor
200 3547 341 3603 ‘ordinatus
352 3555 402 3611 est,
418 3554 511 3601 contra
523 3543 696 3599 Caecilianum
710 3543 834 3599 adierunt
845 3543 911 3599 Pro·

117 3641 255 3699 consulem
275 3648 338 3695 tunc
358 3637 513 3694 llnuliiuum
527 3635 578 3707 (b),
593 3646 620 3691 et
633 3636 787 3691 detulerunt
806 3634 910 3692 libellos

117 3734 299 3791 accusatorios
311 3731 346 3787 (ιο
365 3731 474 3786 ιιοιιιιιιο
487 3727 624 3789 Caeciliani
635 3770 642 3793 ,
659 3736 686 3782 et
698 3728 725 3783 in
738 3728 809 3782 aluta
825 3728 860 3798 le)
873 3728 910 3783 si-

118 3837 227 3901 gnatos,
251 3826 388 3890 dieentes,
405 3822 452 3880 sed
475 3824 605 3878 aduersus
624 3821 795 3877 Caecilianum
816 3820 909 3876 crImi·

118 3936 152 3975 na
165 3920 204 3991 (al)
217 3934 277 3990 que
291 3918 338 3974 iilo
352 3916 443 3972 libello
463 3914 653 3983 scripsissent,
671 3921 698 3967 et
717 3924 859 3982 rogantes,
881 3920 910 3968 ul

118 4011 203 4082 ipsam
215 4010 415 4067 accusationem
428 4022 521 4064 eorum
535 4005 654 4060 mitteret
663 4004 695 4059 ad
706 4007 861 4058 comitatum
872 4004 910 4074 (e)

119 4102 287 4174 imperatori.
306 4103 384 4156 Extat
404 4101 499 4155 relatIo
515 4099 632 4152 Arruilini
653 4097 825 4152 Proconsulis
844 4099 911 4153 seri·

118 4199 207 4254 bentis
218 4196 250 4251 ad
264 4195 455 4265 imperatorem
467 4188 672 4245 Constantinum
685 4205 692 4241 ε
705 4190 776 4258 quod
788 4189 911 4246 bontincs

119 4289 153 4345 de
167 4288 246 4344 Parte
262 4283 381 4356 llajorini
398 4280 521 4338 teneriut
535 4279 567 4335 ad
589 4279 661 4334 illone
681 4293 742 4333 curu
765 4279 863 4335 libellis
875 4279 911 4336 de

120 4380 292 4438 accusatione
305 4376 456 4440 Caeciliani,
478 4382 603 4444 rogantes
623 4382 653 4428 ut
672 4372 781 4428 eosdem
806 4372 912 4430 libellos

93 4529 95 4533 ,
118 4473 240 4528 mitteret
255 4469 423 4538 imperatori,
441 4476 468 4521 et
482 4480 512 4519 se
526 4465 592 4519 dicit
610 4462 715 4526 secisse,
730 4463 800 4534 quod
816 4465 852 4520 ilii
867 4479 913 4520 ro·

119 4571 261 4637 gatcruut.
284 4561 397 4630 Scripsit
418 4559 565 4628 Imperator
584 4555 617 4609 ad
637 4554 790 4611 ileitiadom
804 4557 838 4627 (I)
851 4557 911 4629 epi·

163 4723 188 4784 (ι)
206 4716 464 4769 Αιιιοιιοιιιιιιιοιιοοι
481 4724 561 4784 catrsae
572 4709 619 4780 sub
630 4707 828 4779 sonstantiuoll.
847 4713 912 4784 inter

118 4785 259 4848 IIaJorinum
270 4788 295 4828 et
305 4777 467 4826 cruentarum.
484 4775 547 4825 Vrde
559 4777 633 4835 epesi.
646 4771 710 4821 clere
732 4780 834 4836 tltpporr.
847 4779 912 4823 tuter

119 4846 306 4909 augustinianas
328 4838 477 4888 LXXXVIII.
506 4832 707 4886 emendari.
731 4832 763 4883 11.
786 4834 833 4884 col.
854 4835 910 4885 215.

119 4908 248 4972 lpsmrtque
261 4904 287 4951 S.
301 4902 399 4951 Patrem
413 4913 459 4949 uon
479 4912 526 4946 uno
538 4897 598 4970 loom
731 4957 736 4966 1

151 4969 186 5031 (b)
204 4966 330 5017 arrrrlt'rmm
353 4965 462 5012 scribunt
484 4961 607 5015 ilaurmnt,
630 4962 656 5006 οι
676 4964 768 5006 rectms
789 4956 910 5019 fortasse,

136 5032 227 5081 ttaurris
240 5032 264 5076 in
273 5030 329 5076 altri.
342 5025 411 5082 Pagii
433 5024 532 5074 lassent.
556 5024 641 5084 lippet.
655 5018 685 5091 ed
697 5031 736 5068 au.
750 5019 807 5090 Citr.
815 5021 868 5070 ibe.
881 5020 910 5070 P.

154 5107 192 5141 ro.
206 5090 343 5147 ,latebrarum
353 5088 381 5135 ad
392 5099 431 5134 an.
441 5099 502 5135 tero
512 5083 567 5134 eto.
580 5093 634 5133 sex.
648 5078 718 5130 Loro.
728 5079 865 5132 anullinum
870 5083 911 5132 ba·

117 5154 296 5205 beammsoss
763 5207 767 5217 ¹

152 5217 187 5276 (c)
199 5211 438 5274 I'euuiorpelliruia,
451 5209 599 5258 membranae
612 5213 695 5265 instar,
708 5212 736 5256 ul
747 5205 851 5277 ridetur,
864 5218 912 5268 qua

118 5277 311 5327 obvolvebantur
320 5272 408 5322 Libelii
420 5271 552 5335 surrpliees.
565 5271 678 5322 Occurrit
686 5275 759 5321 etiam
768 5269 794 5317 itt
804 5266 911 5332 Εριιιοιιι

118 5337 184 5389 cleti
195 5352 222 5387 su
241 5338 311 5388 rccil.

162 5402 190 5464 d)
230 5400 433 5450 ideturomissum
447 5411 452 5445 :
465 5394 561 5468 bebere.

160 5470 184 5522 e)
202 5461 229 5511 ld
240 5469 287 5520 est,
296 5462 324 5510 ad
337 5459 465 5510 coloniam.
478 5458 524 5509 Adi
535 5467 619 5506 lmeun
638 5495 643 5506 .
656 5454 730 5528 obss.
743 5455 802 5504 iau.

196 5521 583 5581 deleutademldiluadanPom.
596 5519 666 5567 iiom.
680 5519 805 5577 Qtusucro
816 5525 912 5568 uerear

118 5585 148 5637 ad
168 5582 280 5633 itusilrn
291 5582 335 5631 ille
346 5586 386 5646 qui
399 5581 610 5646 deincepsailelc
630 5580 684 5630 'ade
707 5579 829 5629 secundus
847 5579 912 5630 Pon·

118 5647 237 5698 tilicatum
249 5645 346 5706 gessit?
366 5646 404 5695 Au
416 5660 479 5696 unus
491 5645 595 5696 eiribus

119 5707 201 5761 cloilli
210 5705 343 5769 adJunctisi

541 213 747 281 sentierint,
769 214 814 270 bE
834 211 958 271 VERBIS
977 212 1144 271 arestosi
1163 216 1177 272 I
1199 213 1277 273 COR.
1299 215 1362 274 xil.
1435 268 1437 271 ,
1458 266 1461 271 .
1484 257 1485 262 ι

625 5638 911 5705 pisoopisGallieisjudi·
930 5705 933 5710 Ι

1715 221 1770 282 stt

979 343 1088 398 scopum
1103 340 1130 384 et
1144 329 1275 397 blarcum,
1292 330 1455 387 transferens
1474 333 1507 387 ad
1527 333 1586 389 iilos
1600 349 1707 392 eausam
1723 349 1769 394 ec·

977 421 1173 488 clesiasticam,
1195 432 1222 477 et
1245 438 1388 479 renroreus
1408 441 1424 480 a
1443 439 1481 480 se.
1504 425 1531 481 In
1551 426 1651 482 eisdem
1675 431 1770 488 litteris

976 513 1069 568 scribit
1097 513 1272 585 Imperator:
1298 517 1404 573 nrisissc
1429 533 1459 573 se
1482 519 1589 574 ebartas
1613 522 1709 578 missas
1735 525 1770 581 ab

976 605 1121 671 Anuliino,
1141 616 1169 662 et
1187 608 1213 661 in
1234 607 1299 677 ipsis
1322 608 1418 665 litteris
1440 613 1546 680 ignorat
1567 610 1624 681 (c),
1641 629 1700 684 quae
1717 615 1770 671 iiie

975 696 1076 752 cbartae
1095 698 1168 763 sint,
1184 699 1232 754 sed
1248 701 1274 754 in
1288 702 1419 756 relatione
1440 702 1558 757 anullini
1580 706 1766 773 eogrrnseitor,

974 801 1034 857 quar
1056 786 1135 842 bodie
1156 788 1269 859 publicIs
1295 790 1433 847 codicibus
1458 792 1641 848 continentur.
1667 795 1768 854 beiodc

973 878 1066 934 scrIbit
1082 879 1151 934 idenr
1165 877 1357 937 Constantinus
1378 882 1410 936 ad
1433 884 1607 951 Anuliinom,
1628 895 1657 940 ut
1678 896 1768 957 partes

974 969 1088 1025 Romam
1103 971 1200 1043 dIrigat
1214 972 1247 1027 ad
1260 974 1412 1044 episcopale
1422 974 1564 1045 judicium.
1579 976 1672 1032 Refert
1685 979 1766 1034 etiam

972 1061 1114 1118 anullinus
1137 1063 1163 1117 in
1185 1073 1308 1120 extremo
1321 1067 1447 1121 :misisse
1462 1082 1493 1122 se
1510 1076 1610 1138 partes.
1627 1067 1682 1125 Vos
1702 1084 1767 1140 ergo

973 1152 1031 1208 istis
1046 1154 1079 1209 ad
1094 1154 1303 1226 Imperatorem,
1319 1173 1367 1213 ros
1380 1173 1488 1214 eaumm
1511 1158 1639 1217 Ecclesiae
1659 1162 1692 1217 ad
1714 1163 1766 1218 int·

972 1259 1079 1299 murram
1095 1255 1253 1315 potestatem
1269 1248 1412 1305 detulistis.
1427 1250 1474 1305 Ille
1488 1252 1595 1319 melior,
1609 1269 1689 1324 quam
1705 1268 1763 1310 sos.

973 1336 1026 1392 Vos
1046 1339 1118 1395 enim
1140 1339 1174 1395 ad
1188 1340 1381 1412 Imperatorem
1400 1343 1579 1411 deferebatis,
1597 1345 1642 1401 ilie
1653 1346 1687 1402 ad
1701 1347 1765 1418 Epi*

971 1442 1076 1499 scopos.
1100 1430 1176 1486 biera
1198 1442 1239 1488 est
1262 1449 1342 1490 causa
1369 1435 1396 1489 in
1418 1436 1565 1506 episcopali
1586 1435 1688 1506 judicio
1711 1438 1765 1495 illis

970 1522 1058 1589 primo
1072 1523 1273 1580 accusantium.
1289 1523 1397 1580 Prolata
1410 1534 1452 1581 est
1471 1527 1604 1582 sententia
1617 1541 1666 1596 pro
1679 1527 1764 1584 Caci-

970 1611 1052 1669 Iiano.
1073 1613 1113 1668 liii
1132 1631 1185 1670 non
1200 1618 1321 1672 contenti
1332 1617 1434 1687 judicio
1448 1618 1631 1676 eeclesiastico
1644 1635 1765 1677 murmu-

970 1720 1030 1760 rare
1048 1716 1207 1775 coeperunt,
1222 1722 1316 1762 rursus
1335 1708 1461 1764 cumdem
1476 1708 1666 1781 imperatorem
1687 1712 1763 1769 adie-

969 1808 1047 1862 runt,
1064 1806 1124 1868 post
1135 1799 1288 1870 episcopale
1305 1799 1437 1870 judicium
1453 1811 1605 1872 querentes
1625 1803 1764 1874 imperiale

967 1889 1107 1960 judicium.
1128 1891 1207 1947 Dedit
1221 1893 1335 1949 alterum
1348 1895 1562 1951 ecclesiasticum
1577 1895 1647 1967 apud
1666 1898 1764 1954 Arela-

970 1990 1025 2037 tum
1039 1983 1088 2053 (lt).
1103 1982 1144 2038 ab
1157 1983 1216 2053 ipso
1229 1985 1309 2039 etiam
1326 1985 1428 2055 judIcio
1442 1986 1480 2042 ilii
1494 1986 1528 2042 ad
1543 1987 1630 2057 ipsunt
1643 1988 1763 2060 Impera·
1791 2010 1793 2015 ⁴

969 2082 1055 2131 torem
1080 2075 1292 2145 appellaverunt.
1320 2077 1413 2135 Victus
1439 2080 1643 2151 importunitate
1668 2098 1763 2141 eorum

968 2165 1053 2221 voluit
1069 2177 1097 2222 et
1116 2168 1173 2237 ipse
1195 2185 1304 2226 causam
1325 2173 1479 2242 suscipere,
1494 2182 1575 2244 atoue
1587 2188 1760 2246 cognoscere.

968 2259 1101 2330 Suscepit,
1115 2265 1250 2332 cognovit,
1265 2264 1438 2322 Caecllianum
1453 2267 1702 2324 innocentissimum
1715 2271 1761 2339 ju·

967 2351 1081 2417 dicarit,
1097 2353 1176 2409 etiam
1196 2369 1290 2412 omnes
1307 2356 1445 2427 jussiones
1458 2356 1653 2429 imperatorum
1668 2368 1761 2415 eontra
1837 2414 1841 2422 ,

967 2444 1038 2499 ilios.
1062 2445 1131 2514 Quid
1155 2447 1371 2519 mirumICujus
1396 2450 1526 2520 judicium
1549 2450 1686 2520 llagitasti,
1701 2450 1761 2520 ejus

967 2539 1126 2593 seutentiam
1142 2555 1267 2597 recusare
1286 2542 1391 2598 audes?
1405 2541 1494 2610 Quare
1508 2541 1541 2596 ad
1556 2543 1633 2597 ilium
1653 2541 1760 2598 soluisti

966 2631 1070 2687 delerre
1087 2633 1235 2703 judicium?
1247 2634 1370 2691 ilabebas
1384 2635 1530 2693 Ecclesiam
1546 2636 1573 2691 in
1588 2635 1689 2704 Africa,
1706 2650 1760 2692 non

965 2722 1084 2780 habebas
1097 2725 1124 2780 in
1137 2735 1193 2783 toto
1206 2728 1272 2784 orbe
1284 2737 1416 2785 terrarum
1428 2728 1504 2785 ised
1519 2743 1572 2800 quo
1587 2729 1672 2797 ibant,
1689 2729 1760 2785 unde

964 2831 994 2872 se
1013 2817 1068 2888 jam
1091 2819 1142 2889 ipsi
1163 2821 1358 2890 praeciderant.l
1374 2822 1413 2876 liii
1435 2823 1490 2893 jam
1513 2823 1540 2878 in
1561 2823 1683 2879 Ecclesia
1699 2837 1759 2890 ,non

965 2908 1115 2977 herebant,
1128 2912 1176 2967 sed
1190 2913 1339 2983 Imperator
1353 2914 1389 2969 ibi
1405 2915 1535 2981 haerebat,
1549 2918 1583 2973 ad
1596 2933 1676 2988 quem
1687 2917 1760 2989 judi·

965 3000 1035 3055 cium
1053 3001 1231 3058 reIerebatur.
1252 3003 1369 3060 Proinde
1391 3004 1436 3061 ille
1458 3009 1673 3066 mansuetissime
1696 3010 1759 3081 Epi·

964 3111 1062 3169 scopos
1076 3099 1162 3154 uoluit
1173 3099 1305 3171 judicare,
1320 3109 1347 3156 et
1361 3100 1412 3156 illis
1421 3110 1513 3172 postea
1526 3105 1618 3172 cessit,
1633 3114 1663 3161 ut
1676 3109 1757 3168 etiarn

964 3190 1022 3261 ipse
1031 3189 1174 3260 judicaret.
1190 3191 1254 3248 Inde
1268 3200 1332 3247 sunt
1344 3193 1416 3264 leges
1429 3194 1560 3251 aduersus
1575 3211 1624 3254 ros
1636 3215 1643 3264 ;
1657 3199 1756 3272 ridete,

963 3282 986 3339 si
1000 3299 1053 3339 rrou
1067 3295 1160 3340 eontra
1175 3299 1233 3341 ros.
1248 3284 1339 3341 Primo
1354 3300 1402 3341 ros
1421 3287 1472 3358 ipsi
1492 3288 1594 3357 inistis,
1610 3304 1658 3346 tos
1677 3293 1757 3363 primi

963 3387 1145 3445 accusatores,
1162 3393 1210 3435 ros
1222 3378 1337 3435 extremi
1354 3380 1542 3451 opprimeres,
1556 3397 1606 3438 ros
1618 3385 1758 3443 notissimi

963 3481 1185 3528 murmuratores.
1198 3471 1331 3544 Numquid
1344 3482 1443 3540 nmen,
1459 3475 1554 3547 inquit,
1568 3491 1602 3533 cx
1613 3478 1757 3552 Evangelio

963 3574 1106 3635 superatus
1120 3567 1203 3622 sumi
1219 3566 1258 3622 Ex
1272 3580 1305 3623 eo
1318 3566 1420 3638 judicio
1434 3579 1577 3640 superatus
1588 3586 1630 3639 cs,
1643 3573 1716 3645 quod
1728 3583 1758 3632 tu

963 3657 1021 3727 ipse
1033 3657 1165 3727 delegisti.
1457 3716 1460 3721 .

1000 3750 1046 3806 III.
1071 3751 1125 3808 Sed
1141 3767 1195 3809 non
1210 3767 1366 3810 recusamus
1383 3755 1568 3827 evangelicam
1583 3760 1756 3819 sententiam.

964 3842 1062 3911 Plane,
1075 3844 1127 3899 etsi
1140 3858 1194 3899 non
1208 3845 1320 3913 diceret,
1337 3861 1387 3903 nos
1400 3848 1568 3919 legeremus,
1585 3866 1635 3906 uos
1647 3867 1757 3908 eruere·

963 3950 1041 4000 mus,
1057 3950 1107 3991 nos
1119 3936 1334 4017 ostenderemus.
1350 3936 1488 3992 liecitetor
1501 3939 1694 4010 EvangeIIum?
1707 3941 1756 3998 Vi-

963 4026 1086 4091 deamus,
1107 4025 1154 4080 ubi
1179 4040 1238 4081 esse
1265 4026 1331 4082 dicit
1352 4027 1501 4083 Ecclesiam
1525 4028 1655 4086 bantinus
1678 4030 1758 4090 Iesus

963 4116 1095 4173 cbristus.
1120 4118 1158 4172 Illi
1177 4125 1250 4172 certe
1262 4127 1289 4173 et
1302 4132 1382 4173 aures
1396 4128 1514 4186 nostre,
1529 4132 1556 4177 et
1568 4123 1651 4178 corda
1664 4134 1757 4195 patere

963 4208 1073 4264 debent.
1099 4208 1188 4278 Ipsum
1202 4208 1354 4264 audiamus.
1376 4209 1453 4265 Dicat
1467 4211 1563 4278 nobis,
1577 4212 1697 4270 Ecclesia
1711 4217 1758 4274 ubi

964 4302 1008 4356 sit.
1023 4301 1051 4356 Si
1063 4300 1190 4356 lustrico
1205 4314 1265 4358 esse
1275 4300 1375 4358 dixerit
1388 4302 1536 4360 Ecclesiam
1550 4319 1645 4375 suam,
1660 4322 1757 4365 omnes

963 4391 1130 4448 confluamus
1151 4392 1178 4447 in
1203 4391 1310 4449 Partem
1325 4393 1432 4451 Ilouati.
1453 4394 1482 4451 Si
1503 4397 1531 4452 in
1554 4404 1611 4453 toto
1624 4407 1757 4456 terrarum

964 4483 1031 4539 orbe
1053 4482 1153 4539 dixerit
1176 4482 1324 4540 Ecclesiam
1351 4499 1438 4551 suam,
1464 4486 1577 4544 redeant
1600 4488 1634 4545 ad
1658 4504 1757 4562 corpus

964 4577 1085 4634 membra
1101 4577 1224 4648 praecisa,
1242 4579 1381 4634 nonenim
1399 4579 1438 4634 sie
1451 4578 1529 4636 tracti
1544 4591 1608 4638 sunt
1620 4584 1689 4639 rami
1704 4625 1713 4652 ,
1727 4591 1758 4642 ut

964 4669 1053 4726 denuo
1068 4669 1150 4726 inseri
1167 4684 1220 4726 uon
1235 4670 1349 4739 possint.
1361 4668 1450 4726 lIabes
1469 4672 1620 4741 apostolum
1643 4674 1757 4734 Paulum

965 4763 1109 4819 dicentem.
1126 4761 1182 4818 Sed
1195 4763 1259 4818 dicit
1284 4761 1398 4817 :Eructr'
1409 4773 1467 4820 sunt
1482 4766 1566 4835 ronti,
1583 4775 1611 4822 (ιι
1626 4784 1672 4842 epo
1691 4769 1759 4826 ittae·

964 4873 1017 4911 rar.
1029 4855 1108 4911 liene.
1122 4854 1234 4927 Propter
1245 4855 1447 4911 incredulitatem
1459 4856 1537 4927 [recti
1548 4865 1607 4912 tunt
1614 4875 1624 4924 ;
1635 4868 1662 4913 trt
1672 4869 1758 4914 cutem

965 4950 1017 5020 fide
1031 4961 1095 5005 star.
1112 4947 1176 5003 Noli
1189 4948 1271 5003 nitunt
1283 4965 1389 5019 supere,
1404 4949 1449 5004 ted
1462 4950 1531 5005 time.
1548 4948 1619 5004 Nam
1632 4991 1640 5017 ,
1654 4950 1676 5004 ti
1690 4949 1759 5007 Deus

965 5044 1124 5098 naturaiiter
1139 5042 1217 5097 rearis
1227 5058 1278 5096 oon
1291 5042 1413 5113 pepercit,
1425 5058 1504 5112 nepae
1515 5041 1560 5096 tibi
1571 5049 1657 5112 parcet
1667 5040 1757 5111 (Rom.

965 5151 1012 5202 tr,
1030 5133 1134 5207 ts-tt).
1147 5124 1235 5191 Fracti
1247 5135 1320 5191 enim
1334 5142 1411 5192 erant
1424 5132 1510 5189 tuder
1524 5175 1532 5201 ,
1547 5139 1673 5204 nuquam
1689 5134 1759 5190 rami

963 5226 1111 5292 naturales,
1126 5237 1153 5282 et
1166 5227 1275 5283 insertae
1289 5234 1367 5282 erant
1379 5223 1489 5291 Gentes,
1505 5232 1630 5295 nuquam
1642 5225 1759 5281 oleaster

966 5320 991 5375 ln
1006 5321 1114 5376 olivam.
1130 5319 1171 5374 Er
1186 5319 1229 5375 itis
1249 5317 1359 5374 insertIs
1378 5316 1484 5385 ramis,
1500 5325 1528 5372 et
1539 5329 1574 5372 ex
1587 5316 1640 5372 boc
1653 5316 1757 5373 inserto

915 5384 919 5415 ⁵
965 5412 1083 5468 oleastro
1097 5425 1192 5467 omnes
1205 5424 1299 5465 sumus
1317 5406 1463 5479 partipres
1483 5406 1571 5464 oliuae.
1596 5406 1674 5475 Sed,
1689 5408 1759 5465 sicut

964 5504 1081 5561 minatus
1092 5511 1150 5558 erat
1161 5500 1306 5573 Apostolus
1316 5498 1532 5572 superbientibus
1542 5499 1625 5555 rantis
1634 5499 1757 5573 oleastri,

938 5677 961 5709 ³
995 5638 1035 5769 ιιι
1049 5636 1687 5761 laboriosissimam
