3854 6128
135 180 188 237 869

134 304 207 358 runt.
220 294 304 363 Quam
316 289 393 349 multi
413 304 447 344 ex
461 288 519 353 eis,
539 284 611 356 quod
628 297 681 337 non
703 278 816 342 dubito,
831 283 925 347 postea

136 388 316 448 crediderunt.
331 382 389 438 Non
401 377 589 441 dubitandum,
606 377 664 432 sine
678 372 846 429 duhtuttaae
866 381 925 422 cre-

137 478 253 540 dendum
262 486 313 534 est.
324 474 410 532 ludaei
420 472 519 529 Christi
534 465 781 535 interfectores‚qui
795 460 928 533 pendente

139 575 186 633 iilo
200 579 281 643 ceput
290 569 458 640 agitauerunt
477 563 652 626 insultantes,
666 567 694 617 et
706 560 732 614 iii
753 558 800 613 illo
824 554 926 618 uerba,

138 681 199 739 quae
210 663 362 728 voluerunt,
378 660 505 714 dixerunt
517 656 677 719 exultantes,
693 660 785 722 postea
798 650 823 702 iu
838 648 924 716 ipsum

139 757 281 814 Dominum
294 795 301 819 ,
315 766 397 824 quem
428 748 638 811 crucifixerunt,
660 742 840 799 crediderunt.
867 736 931 792 llaec

141 851 211 908 enim
225 855 331 919 peterat
344 858 439 899 uacare
451 856 505 896 vos
521 837 614 895 liedici
630 837 659 890 in'
670 848 750 891 eruce
769 828 929 902 pendentis,

140 953 169 1000 et
181 940 405 998 medicamentum
414 933 535 990 sanitatis
544 927 699 999 phreniticis
707 925 797 994 desuo
805 921 933 991 sanguine

142 1032 287 1091 tamenetsi
301 1030 361 1085 Non
382 1032 486 1097 peterat
499 1037 565 1092 crgo
587 1026 744 1084 vacare,ct
765 1015 853 1070 inauris
873 1026 933 1069 csse

143 1141 195 1182 uox
219 1125 263 1178 illa
288 1138 295 1175 ε
323 1119 420 1182 Pater,
448 1117 549 1186 iqnasce
571 1112 641 1179 illis,
654 1111 715 1181 quia
736 1108 849 1163 nesciunt
872 1103 935 1177 quid

144 1217 243 1287 [caium
270 1210 357 1286 (Luc.
372 1223 449 1264 xxiii.
461 1206 525 1277 dd).
541 1202 600 1259 Non
624 1203 704 1273 piane
727 1198 841 1254 vacarit.
870 1196 935 1251 Erat

145 1306 183 1364 ibi
195 1300 340 1359 multitude
354 1313 457 1361 eorum,
474 1304 585 1367 prepter
598 1307 665 1364 quos
688 1292 747 1346 haec
767 1306 818 1345 vox
831 1289 865 1345 de
888 1301 936 1342 ore

144 1394 267 1453 resonuit
280 1390 418 1448 Veritatis.
431 1387 498 1442 Nam
512 1393 606 1458 postca
621 1384 692 1439 lacte
702 1382 841 1446 miraculo,
853 1379 936 1434 adue-

145 1490 236 1546 niente
249 1485 282 1540 de
292 1484 361 1540 coelo
374 1481 477 1553 Spiritu
490 1487 601 1545 sancto,
625 1491 685 1532 cum
710 1476 806 1546 linguis
818 1473 937 1530 omnium

147 1580 267 1653 gentium
279 1574 400 1647 Apostoli
415 1574 600 1643 loquerentur,
615 1579 753 1640 stupentes
767 1567 937 1639 repentinum

148 1669 319 1733 miraculum,
332 1667 421 1723 subito
433 1664 596 1735 compuncti,
613 1662 646 1717 ad
658 1677 730 1727 euru,
745 1675 825 1730 quem
834 1657 939 1714 occide·

149 1775 222 1831 runt,
236 1760 358 1817 conversi
371 1757 539 1828 sanguinem,
553 1770 632 1826 quem
645 1754 786 1809 sevientes
796 1749 938 1815 fuderunt,

151 1853 293 1910 credentes
303 1850 438 1904 biberunt.
455 1846 510 1903 liae
523 1846 602 1916 plane
616 1854 644 1899 ct
668 1843 702 1898 de
716 1843 795 1898 beatu
808 1840 941 1912 cypriano

151 1942 252 1999 Christi
267 1950 363 1996 saneto
376 1939 492 2006 liartyre
507 1938 580 1992 nullu
594 1935 675 1992 modo
689 1945 731 1990 est
744 1934 940 2000 dubitandum,

151 2035 222 2106 quud
237 2031 343 2102 plurimi
353 2044 457 2097 eurum,
466 2029 512 2099 qui
521 2028 640 2083 occisum
650 2028 731 2096 impie
743 2032 940 2095 spectaverunt,

153 2126 180 2182 in
202 2124 261 2194 ejus
275 2121 418 2176 Dominum
445 2118 634 2185 erediderunt,
650 2126 679 2172 ct
703 2117 772 2172 iorte
797 2118 876 2170 etiam
892 2114 942 2186 ipsi

155 2215 283 2274 imitando
297 2229 347 2285 pro
370 2211 471 2268 Christi
485 2212 594 2265 nomine
617 2210 774 2280 sanguinem
790 2206 943 2262 funderunt.

156 2310 297 2366 Postremo
308 2305 343 2361 de
356 2306 408 2360 illis
422 2305 554 2360 incertum
563 2303 608 2357 sit.
621 2302 658 2357 oe
671 2302 733 2368 illis,
747 2301 792 2370 qui
808 2310 870 2353 tunc
883 2298 946 2353 huie

155 2402 217 2457 ioco
232 2397 375 2460 aduerunt,
388 2396 433 2465 qui
455 2408 611 2465 percussum
626 2393 653 2446 in
676 2392 728 2445 isto
742 2391 802 2445 loce
823 2397 947 2443 sanctum

157 2493 319 2567 cyprianum
329 2491 461 2551 viderunt,
471 2488 604 2543 incertum
619 2485 663 2551 sit,
675 2493 764 2539 utrum
775 2482 946 2539 credideriut.

159 2587 240 2642 Certe
253 2585 296 2640 isti
311 2597 427 2647 omues,
443 2588 489 2635 aut
514 2595 582 2651 pene
602 2591 716 2643 earnes,
732 2591 845 2647 quorum
869 2587 949 2629 uoces

160 2679 239 2736 audio
253 2676 441 2741 exultantium,
456 2672 501 2728 dlii
515 2682 576 2727 sunt
591 2670 787 2726 insultantium.

455 2784 568 2841 senno
588 2783 656 2839 xit.

278 2904 312 2959 ln
327 2901 418 2958 Natali
432 2900 575 2972 Martyrum
588 2896 780 2955 Scillitunarum
797 2895 844 2968 (a).

472 2990 642 3049 sidensis.

165 3094 190 3151 1.
200 3082 647 3160 Exemptottanqramctriuemee
655 3079 954 3152 proptersupcryluanse

201 3192 303 3257 prepter
315 3179 456 3236 necessaria
475 3175 563 3230 mundi
578 3176 644 3229 lona
658 3172 798 3244 nequndus.
814 3169 858 3227 ΙΙ.
878 3170 956 3223 Anmr

201 3273 311 3348 proximi
324 3270 402 3335 unde,
419 3277 442 3323 rt
455 3266 548 3338 qualis.
568 3263 629 3318 iil.
646 3263 724 3320 Salus
736 3273 759 3317 et
772 3263 874 3317 Anninus
885 3302 893 3326 ,
906 3261 956 3314 aluo

202 3364 366 3428 neccessarie,
394 3357 519 3430 mentedo
545 3356 712 3428 respicienda.
744 3353 797 3408 tt.
825 3352 958 3409 Certamen

204 3453 327 3525 Aiurtqrr'r
336 3467 393 3506 curn
404 3449 568 3505 Persecuters
580 3447 612 3503 ds
620 3446 765 3518 rupmyluis.
781 3443 813 3500 l'.
824 3443 959 3501 Certamen

205 3546 394 3617 dlartqriscum
408 3543 572 3598 Persecuters
582 3541 615 3595 de
625 3539 782 3594 necessariis.
794 3536 843 3591 ti.
863 3536 960 3604 Quibus

207 3640 288 3696 niudis
302 3646 408 3709 neqetur
421 3634 547 3691 Christus.
568 3632 634 3692 ttt.
651 3632 806 3689 Constantia
828 3648 920 3689 merces
933 3634 961 3690 in

207 3731 281 3787 caelo.

208 3827 229 3882 Ι.
244 3824 390 3881 hianrrnss
404 3822 510 3888 sarrcti,
527 3827 608 3877 testes
622 3819 681 3886 liei,
697 3833 731 3874 ne
744 3818 859 3875 uiuendo
874 3832 963 3876 more·

173 3927 284 3984 rentur,
310 3913 450 3971 moriendo
472 3913 564 3969 rivere
590 3911 756 3978 maluerunt,
782 3926 817 3965 ne
842 3908 962 3967 timendo

206 4031 243 4095 (a)
258 4031 287 4080 ln
296 4028 384 4099 dedice
397 4027 439 4091 sol.
453 4027 493 4078 59.
506 4027 652 4090 inscriptus:
665 4024 833 4095 sermaurancti
841 4022 965 4095 anqustiai

176 4089 514 4210 ..οόο
524 4092 672 4217 aaran
683 4084 965 4204 “uuir

176 4213 314 4270 duedecim,
326 4211 423 4259 oriundi
438 4222 470 4259 er
482 4207 569 4271 oppido
579 4206 661 4265 Scilla,
674 4213 715 4256 aut
726 4206 819 4256 Scillrte
831 4205 966 4256 Prorinetae

177 4272 359 4324 Proconsularis
369 4267 465 4321 Amce.
478 4269 537 4318 Aeta
548 4279 632 4317 eorum
648 4266 694 4316 alia
705 4274 790 4317 esunt
808 4280 822 4316 a
839 4268 870 4316 ud
890 4267 966 4317 liare·

178 4338 244 4386 nium
260 4336 290 4383 ad
312 4332 342 4383 A.
364 4331 391 4385 C.
402 4331 457 4382 202.
469 4327 706 4399 aliaeliiblioiheea
729 4326 793 4378 Ecel.
827 4328 886 4379 niet.
904 4327 967 4390 apud

177 4396 338 4448 Bullandistae
351 4403 375 4446 r.
389 4389 704 4444 1V.tuliiaddtentnt‘tt.
715 4390 866 4455 quoillerum
877 4402 969 4440 memo-

178 4459 217 4508 ria
227 4459 316 4519 agitur.
328 4456 357 4506 in
368 4455 466 4505 iliorum
485 4452 589 4502 Basilica
599 4452 743 4517 carthagine
755 4453 905 4515 Augustinus
915 4464 968 4504 ser·

179 4529 274 4567 menan
286 4517 369 4566 habuit
379 4519 405 4565 in
414 4515 529 4566 Editiene
540 4512 608 4564 ent.
621 4513 681 4564 Cum
691 4527 752 4564 vero
762 4515 916 4563 Possidiusm
928 4521 968 4563 ta·

180 4577 262 4630 diceto
272 4586 333 4639 opp.
345 4590 368 4626 e.
380 4578 404 4625 e.
422 4580 544 4626 mactatus
555 4573 615 4624 duos
627 4582 708 4634 notet,
726 4575 759 4624 de
770 4575 848 4624 altero
859 4578 891 4624 ila
902 4574 967 4626 Guil.

181 4640 292 4702 Caperes
304 4640 328 4687 in
342 4642 392 4709 act.
404 4646 442 4687 ss,
455 4645 480 4688 r.
491 4635 532 4686 cit.
549 4648 574 4699 p.
587 4635 645 4686 Atto.
658 4644 718 4686 cum
728 4635 750 4686 is
760 4644 841 4685 sermo
852 4648 970 4699 nusquam

181 4699 245 4752 inter
262 4705 386 4770 aagendam
398 4706 477 4761 opera
493 4710 523 4747 ne
542 4697 641 4756 quidem
658 4696 783 4748 nauisnme
795 4695 861 4747 edita
872 4709 969 4760 corapo-

182 4768 245 4822 reat‚
257 4765 368 4812 eanume
379 4772 434 4809 eram
443 4757 619 4818 auteucidt'sse,
630 4765 671 4810 aut
678 4758 808 4810 etiamnum
818 4757 908 4808 alicubi
915 4772 971 4810 cam

181 4827 279 4884 puluere
291 4818 387 4871 luctari.
400 4820 492 4883 Eujam
503 4832 551 4869 non
567 4819 668 4882 amplius
679 4819 792 4870 indecoro
803 4820 906 4882 pulvere
917 4834 970 4870 sor·

182 4885 264 4936 didurn
276 4883 406 4947 Martyrum
417 4883 522 4944 ipsorum
544 4880 631 4942 cultuS,
653 4889 679 4933 et
693 4879 812 4944 Reliquiae
823 4881 970 4944 Hispaniam,

184 4946 284 4996 Galliam
296 4950 323 4994 et
344 4942 436 4993 italiam
465 4952 619 5002 crrascruut,
642 4945 778 5006 partimque
795 4942 878 4992 lloruae
889 4946 915 4994 in
926 4944 970 4995 SS.

183 5007 283 5058 Juannis
302 5012 328 5057 et
347 5005 413 5054 Pauli
481 5018 496 5054 e
513 5006 538 5053 in
552 5012 634 5054 monte
649 4999 725 5055 tretia
747 5007 886 5068 quiescunt,
898 5019 973 5069 quiem

184 5068 299 5128 Titulum,
321 5068 378 5116 dum
400 5067 453 5117 haee
469 5075 662 5126 conurieutarer,
675 5067 776 5116 ornabat
791 5066 883 5130 loseph
903 5068 971 5119 thre.

185 5131 341 5192 Garampius,
364 5129 400 5177 vir
418 5129 524 5237 Sim·
536 5128 653 5189 doctrina,
669 5129 792 5179 horriinum
813 5128 974 5180 litteratorum

184 5204 276 5250 arnone,
290 5194 408 5252 sacraque
436 5190 538 5250 ignitate
558 5202 617 5239 rere
629 5191 836 5240 eminentissimus
865 5192 974 5256 mihique

184 5256 216 5303 ab
227 5252 268 5302 iile
276 5253 326 5316 jam
338 5259 459 5314 ternpore,
471 5263 520 5313 quo
530 5252 618 5300 summi
629 5252 750 5302 Pontidcis
759 5225 883 5303 addulam
895 5254 974 5305 (Ium-

185 5328 252 5364 ream
264 5313 387 5376 legatione
398 5311 554 5374 fungebatur,
567 5310 755 5374 intentissimus,
777 5317 818 5377 qui
829 5316 873 5366 has
885 5315 975 5366 Mentis

185 5377 369 5438 Augustiuianae
380 5373 505 5436 Reliquias
514 5372 652 5423 aridissime
667 5374 859 5446 praestolabatur.
872 5377 974 5437 Verum,

185 5447 315 5500 antequam
338 5437 400 5500 typis
410 5435 596 5486 ulamluereutur
628 5438 717 5498 ipsius,
730 5443 757 5487 ut
778 5440 818 5501 pie
838 5451 851 5488 s
868 5453 966 5491 eramus

186 5500 316 5571 Augustini
328 5499 451 5571 consortie
469 5499 567 5561 propius
578 5471 688 5548 adarmus
700 5508 738 5549 est
758 5497 840 5551 Itomae
851 5453 892 5552 fl.
912 5476 975 5554 Nous

186 5563 210 5612 et
253 5574 269 5605 ·.
282 5558 410 5608 -Sermo
427 5559 467 5608 luc
478 5572 550 5622 porro
561 5560 586 5609 in
598 5559 710 5611 Editioue
730 5569 785 5625 post
796 5566 976 5625 praecedentem

186 5574 262 5682 xffif
265 5617 377 5670 cohaesri
389 5629 480 5682 posset.

327 5702 441 5764 Sanan.
462 5707 603 5768 Auensr.
626 5708 682 5769 xl.

491 170 606 231 sonato
618 167 690 236 xli,
712 165 744 222 td
764 157 891 219 NATAld
912 156 1107 215 deerrabat
1126 155 1412 214 setnntnuttontttt.

1716 154 1769 214 870

980 303 1093 350 mortem
1108 301 1237 363 negarent
1248 292 1345 357 vitam,
1360 290 1476 346 amando
1497 290 1578 346 uitam
1598 301 1772 364 contempse-

979 395 1042 442 runt
1055 385 1146 439 vitam.
1160 384 1195 440 Ut
1206 392 1348 454 negaretur
1358 382 1490 446 Christus,
1505 383 1586 436 ritum
1601 384 1773 452 promittebat

981 476 1175 544 inimicus,·sed
1199 492 1251 531 riou
1266 478 1371 547 qualem
1386 474 1519 530 Christus.
1534 474 1681 531 Credentes
1695 493 1771 548 erge,

981 571 1052 642 quod
1064 585 1080 625 a
1094 571 1234 626 Salvatore
1248 567 1472 638 promittebatur,
1488 568 1615 631 riserunt,
1626 568 1697 638 quod
1711 583 1773 638 per-

982 674 1089 720 seeutor
1110 662 1331 718 comminabatur.
1361 661 1485 724 Fratres,
1508 660 1615 730 quanda
1638 661 1775 731 Salenruia

982 754 1128 827 Martyrum
1143 755 1326 820 celebramus,
1341 753 1461 823 esernpla
1476 753 1552 808 nabis
1573 757 1707 824 proposita
1726 772 1775 810 no·

984 846 1111 913 terimus,
1127 861 1187 916 quar
1199 845 1328 899 inritando
1340 858 1523 913 assequamur.
1539 844 1595 899 Nun
1610 847 1682 900 cuim
1695 847 1774 902 istum

985 935 1321 1007 iaeieudo'lrcquenliam,
1341 950 1469 1006 augemus
1490 936 1632 1004 staupum
1651 937 1776 1005 giarium.

985 1026 1093 1083 illorum
1117 1042 1215 1084 corona
1235 1027 1340 1098 papulis
1361 1036 1423 1081 trata
1446 1036 1486 1078 est
1514 1027 1685 1095 Arrgetarum.
1710 1027 1773 1093 Nus,

986 1118 1057 1189 qitod
1078 1118 1149 1189 passi
1171 1127 1253 1184 suat,
1277 1133 1336 1173 eum
1358 1118 1499 1186 legeretur,
1517 1118 1610 1175 audire
1631 1119 1776 1188 potuinius.

987 1210 1063 1277 Quod
1076 1219 1164 1264 aretem
1178 1218 1355 1278 acceperuut,
1373 1207 1428 1261 Nec
1442 1209 1530 1262 aculus
1553 1210 1633 1273 uidit,
1651 1227 1696 1263 nec
1710 1211 1780 1264 acerris

987 1302 1082 1355 audiuit
1100 1300 1124 1374 (l
1142 1300 1200 1356 Cor.
1227 1299 1259 1367 ll,
1275 1300 1314 1359 et.
1338 1300 1411 1355 Βοοο
1432 1301 1523 1353 nurudi
1546 1301 1625 1370 hujus
1645 1303 1695 1354 alia
1718 1310 1782 1357 suut

988 1394 1143 1464 superflua,
1159 1394 1210 1447 alia
1234 1396 1394 1449 necessaria.
1418 1393 1485 1448 llinc
1509 1394 1664 1461 paululum,
1686 1404 1714 1447 ut
1738 1394 1780 1448 lo-

989 1503 1122 1558 quamur,
1139 1487 1287 1554 anticaudae,
1312 1496 1338 1540 et
1353 1485 1566 1554 distinguamus,
1583 1486 1605 1540 si
1629 1501 1781 1554 possuntne,

990 1595 1049 1649 quae
1059 1579 1113 1633 siut
1126 1578 1195 1632 baara
1204 1578 1283 1647 hujus
1292 1577 1382 1632 muudi
1392 1575 1536 1644 superflua,
1549 1593 1608 1645 quae
1620 1579 1781 1641 successario,

992 1680 1021 1724 ut
1033 1669 1165 1734 videatis,
1181 1685 1233 1722 rien
1248 1682 1307 1723 esse
1331 1667 1481 1739 negamduru
1501 1667 1637 1722 etii-inum
1655 1685 1703 1722 nee
1719 1686 1786 1736 prox

992 1773 1051 1833 pter
1074 1760 1225 1831 superflua,
1249 1775 1301 1816 nee
1322 1769 1431 1829 prepter
1455 1762 1615 1813 necessaria.
1644 1760 1786 1828 Superilua

992 1853 1086 1908 murrdi
1110 1852 1189 1922 liujus
1211 1852 1270 1921 quis
1294 1850 1454 1906 enutrierat?
1474 1851 1503 1903 si
1522 1866 1553 1904 ca
1574 1866 1786 1906 cnrrrrrrcmnrare

994 1945 1177 2008 voluerimus,
1192 1958 1302 2015 magnas
1320 1958 1409 1997 nrnras
1428 1942 1566 1996 lacienius.
1588 1943 1709 1998 llierrnus
1722 1959 1786 2014 ergo

995 2038 1155 2094 neccssaria.
1178 2036 1359 2106 Quacumque
1373 2037 1422 2089 ulia
1446 2046 1545 2099 esurit,
1569 2035 1626 2089 hauc
1650 2045 1729 2091 erunt
1743 2052 1788 2089 su·

997 2130 1108 2202 per-dua.
1133 2129 1291 2185 Necessaria
1311 2139 1374 2183 suut
1396 2129 1423 2183 in
1447 2127 1498 2182 hoc
1521 2127 1621 2182 rutundo
1642 2127 1694 2183 duo
1719 2130 1787 2193 istn;

997 2222 1075 2278 Salus
1100 2231 1127 2277 et
1147 2222 1266 2276 Amicus.
1289 2220 1341 2275 ista
1364 2229 1446 2283 siant,
1474 2235 1533 2288 qum
1557 2220 1787 2290 magnipendere,

997 2301 1057 2383 quim
1067 2328 1120 2368 non
1136 2311 1265 2367 debemus
1278 2321 1459 2367 contemnere.
1476 2310 1564 2376 Salus,
1580 2321 1606 2364 et
1621 2313 1730 2366 Aruicus
1743 2328 1791 2366 na·

999 2406 1092 2459 laralia
1108 2405 1177 2459 bena
1196 2413 1270 2458 siaiu.
1285 2402 1360 2457 Fecit
1372 2403 1442 2457 Deus
1458 2402 1604 2466 imminent,
1620 2411 1650 2456 ut
1673 2415 1745 2457 esset
1764 2411 1792 2458 et

999 2500 1110 2552 uiueret.
1122 2497 1200 2552 Salus
1213 2505 1265 2551 est.
1280 2495 1344 2561 Sed,
1357 2512 1391 2550 ue
1401 2494 1474 2550 selus
1485 2505 1566 2560 esset,
1579 2495 1702 2550 Amicitia
1713 2512 1789 2566 quae·

1000 2592 1049 2645 sita
1065 2599 1115 2642 est.
1133 2588 1230 2656 incipit
1242 2603 1307 2657 ergo
1321 2587 1448 2641 Amicitia
1463 2603 1477 2641 a
1493 2588 1608 2657 eoriy'rige
1625 2598 1653 2642 ct
1668 2586 1749 2653 siliis,
1765 2598 1794 2643 et

1000 2680 1169 2753 progreditur
1183 2696 1268 2750 usque
1283 2679 1316 2734 ad
1331 2679 1444 2734 alienos.
1460 2677 1523 2744 Sed,
1544 2680 1566 2732 si
1580 2679 1792 2745 corisideremus,

1003 2789 1084 2828 unuin
1108 2787 1157 2827 nos
1171 2772 1295 2826 habuisse
1308 2781 1432 2841 patrem,
1447 2779 1475 2824 et
1493 2785 1573 2824 unani
1587 2778 1718 2833 matrem,
1734 2771 1795 2840 quis

1003 2868 1054 2921 erit
1078 2864 1201 2919 alienus?
1232 2862 1310 2918 Omni
1339 2862 1441 2916 homini
1469 2863 1611 2930 proximus
1640 2874 1681 2918 est
1707 2864 1796 2918 enutris

1003 2958 1095 3013 botrin.
1120 2957 1255 3025 interroga
1281 2965 1413 3008 naturam.
1427 2954 1535 3023 ignotus
1559 2957 1617 3008 cst?
1638 2956 1722 3009 lloruo
1743 2962 1794 3011 est.

1004 3048 1131 3104 liiinricus
1145 3047 1208 3102 esti
1220 3045 1307 3101 Homo
1319 3055 1370 3098 cst.
1387 3043 1477 3098 llustis
1488 3044 1547 3098 est?
1559 3043 1645 3099 Homo
1657 3054 1708 3100 est.
1721 3047 1797 3100 Arni-

1006 3155 1053 3195 cus
1079 3139 1137 3194 est?
1148 3136 1252 3192 Maneat
1265 3136 1377 3190 amicus.
1393 3135 1520 3190 lutericus
1533 3136 1593 3189 est?
1607 3136 1666 3190 Fiat
1684 3138 1796 3192 amicus.

1042 3230 1075 3284 ll.
1091 3230 1131 3284 Ad
1143 3229 1200 3284 haec
1212 3226 1266 3282 duo
1278 3228 1303 3281 in
1317 3224 1369 3281 hoe
1380 3225 1479 3281 mundo
1489 3227 1654 3292 necessaria,
1667 3227 1798 3293 Salutem,

1007 3334 1034 3380 et
1045 3324 1177 3389 Amicum,
1192 3322 1264 3377 uenit
1276 3320 1417 3393 peregrina
1430 3319 1570 3390 supientia.
1587 3320 1692 3376 lnrenit
1706 3336 1800 3377 omrtes

1008 3419 1115 3486 stultos,
1130 3425 1263 3482 erratiles,
1277 3413 1412 3485 superdea
1427 3414 1557 3480 colentes,
1571 3414 1728 3485 terrrporalia
1740 3392 1807 3493 diii-1

1010 3525 1123 3586 gentes,
1147 3521 1247 3567 aterna
1272 3509 1433 3565 nescientes.
1462 3507 1525 3564 llaec
1551 3506 1685 3580 Sapientia
1713 3508 1803 3565 stultis

1010 3606 1096 3661 amica
1115 3618 1168 3659 uon
1183 3601 1241 3657 luit.
1255 3601 1321 3657 Cum
1335 3615 1400 3672 ergo
1413 3599 1501 3656 stultis
1512 3602 1598 3655 antica
1610 3617 1662 3655 non
1677 3588 1761 3666 esset,
1775 3612 1804 3657 et

1012 3713 1027 3753 a
1041 3696 1129 3752 stultis
1143 3696 1221 3767 longe
1235 3703 1307 3750 esset
1319 3709 1327 3759 ;
1342 3692 1493 3772 assumpsit·
1501 3693 1653 3763 proximum
1669 3702 1803 3760 nestrum,

1012 3798 1040 3845 et
1054 3787 1121 3843 tacta
1142 3795 1184 3843 est
1203 3786 1323 3856 proxima
1337 3795 1439 3839 nostra.
1459 3783 1515 3838 Hoc
1535 3785 1691 3855 mysterium
1705 3785 1806 3840 Cluisti

1014 3893 1065 3939 est.
1076 3881 1144 3950 Quid
1159 3891 1212 3936 tani
1226 3879 1316 3950 longe,
1327 3893 1406 3949 quam
1420 3876 1532 3932 stultitia
1546 3891 1562 3929 a
1575 3876 1724 3945 sapientia?
1736 3876 1807 3943 Quid

1015 3982 1068 4027 tam
1084 3972 1252 4042 proximum,
1280 3983 1359 4039 quarn
1374 3968 1472 4031 lanino,
1498 3974 1526 4019 et
1547 3965 1646 4019 laonio?
1667 3966 1815 4038 Quidnam

1015 4064 1210 4135 longinquum,
1237 4061 1363 4130 inquam,
1391 4071 1469 4126 quain
1491 4070 1506 4108 a
1527 4056 1636 4109 stultitia
1660 4057 1808 4127 sapientiai

1017 4158 1087 4227 Ergo
1098 4155 1216 4222 suscepit
1229 4151 1364 4205 horriinem
1379 4149 1522 4218 sapientia,
1537 4157 1565 4202 ct
1575 4146 1644 4202 tacu
1655 4159 1694 4202 est
1706 4148 1807 4205 lrairrini

1018 4245 1138 4319 proxima
1151 4258 1199 4314 per
1214 4241 1251 4307 ld,
1265 4239 1335 4311 quod
1354 4246 1412 4294 erat
1427 4239 1587 4307 proximum.
1603 4239 1635 4295 Et
1647 4253 1728 4306 ecee,
1741 4258 1808 4309 quo·

1018 4338 1089 4394 niam
1104 4334 1169 4388 dixit
1191 4331 1292 4386 lrcnriui
1316 4332 1372 4399 ipsa
1398 4330 1549 4399 sapientia:
1566 4329 1636 4386 Eece
1661 4332 1746 4400 pietas
1769 4343 1811 4388 est

1018 4425 1148 4497 sapientia
1161 4441 1168 4488 ;
1181 4424 1213 4478 ad
1224 4423 1380 4488 sapientiam
1394 4436 1457 4476 rere
1467 4420 1583 4476 heminis
1595 4425 1711 4492 pertinet
1721 4418 1820 4481 coiere¹

1021 4519 1115 4583 licum,
1131 4517 1190 4586 quia
1211 4517 1261 4570 hoe
1272 4523 1314 4569 est
1327 4516 1421 4583 pietas,
1437 4513 1498 4567 data
1511 4521 1573 4566 sinn
1585 4511 1663 4569 uobis
1676 4517 1730 4570 duo
1744 4532 1822 4589 praa--

1021 4618 1096 4680 eepta
1110 4627 1116 4661 :
1131 4607 1228 4678 Diiiqes
1241 4605 1378 4659 Dourinum
1386 4603 1469 4658 Deum
1482 4615 1551 4658 tuurn
1566 4621 1597 4659 aa
1607 4615 1658 4660 teto
1672 4610 1748 4662 corde
1758 4619 1812 4674 tun,

1022 4713 1044 4759 et
1059 4719 1089 4757 en
1104 4711 1157 4757 tatu
1170 4701 1256 4754 uniam
1276 4709 1329 4762 tna,
1345 4707 1368 4750 et
1384 4713 1415 4752 ea
1433 4707 1484 4751 tcta
1499 4709 1579 4750 meritc
1601 4708 1654 4752 tua.
1669 4699 1789 4755 Alterum
1804 4717 1812 4753 :

1022 4793 1120 4864 Diliqes
1141 4792 1285 4863 preairtium
1314 4798 1384 4842 tuum
1407 4797 1525 4859 lartqrtaru
1550 4799 1573 4844 te
1595 4791 1676 4863 ipsum
1694 4792 1768 4857 (Lice.
1784 4809 1814 4855 x,

1022 4887 1079 4955 et).
1096 4885 1130 4939 Et
1154 4884 1219 4948 ille,
1242 4883 1285 4952 qui
1298 4879 1349 4935 hee
1372 4880 1491 4945 audiuit,
1506 4884 1542 4935 ait
1558 4899 1564 4935 :
1580 4882 1614 4936 Et
1626 4887 1682 4952 quis
1704 4892 1740 4936 est
1754 4885 1817 4937 ratini

1025 4979 1154 5047 prominurs
1169 4973 1250 5045 (idid.
1272 4970 1329 5043 29).
1354 4971 1465 5028 Putabat
1488 4973 1620 5027 dia-turum
1648 4973 1789 5026 Doctrinum
1807 4993 1828 5045 :-

1025 5069 1105 5126 Pater
1131 5078 1209 5134 tuus,
1227 5076 1255 5122 ct
1272 5076 1357 5120 mater
1384 5076 1446 5130 tun,
1471 5066 1572 5134 coniux
1597 5073 1664 5128 tua,
1691 5064 1739 5118 iiiii
1767 5062 1828 5131 tui,¹

1026 5162 1122 5219 fratres
1134 5161 1182 5225 tui,
1195 5174 1301 5216 sorores
1315 5169 1376 5214 tun.
1391 5158 1447 5213 Nun
1464 5155 1515 5210 hec
1535 5155 1691 5225 respondit,
1707 5158 1754 5212 sed
1770 5155 1817 5227 qui

1027 5256 1134 5310 uolebat
1154 5251 1343 5309 commendare
1355 5262 1462 5304 omnem
1474 5246 1612 5301 hominem
1627 5248 1698 5301 omni
1714 5247 1818 5304 homini

1027 5349 1199 5418 proximum,
1228 5344 1342 5399 institnit
1366 5338 1556 5396 narrationem.
1586 5339 1687 5405 idanus,
1718 5340 1814 5413 iuquit,

1027 5438 1139 5510 quidam.
1167 5435 1233 5501 Quis
1244 5429 1377 5505 quidant‘.l
1404 5431 1504 5486 'lamen
1536 5431 1628 5486 homo.
1654 5430 1738 5486 lionae
1762 5434 1818 5500 qui·

1029 5531 1098 5584 dani.
1115 5526 1179 5596 Quis
1192 5540 1256 5597 erga
1269 5525 1369 5579 horno?
1385 5522 1518 5592 Quidam,
1544 5523 1590 5578 sed
1612 5533 1700 5578 tamea
1726 5526 1815 5581 homo
1838 5544 1842 5551 ·

1031 5615 1202 5678 Descendebat
1228 5616 1260 5670 de
1283 5614 1425 5670 imusalem
1449 5616 1475 5668 in
1498 5613 1620 5677 iericho,
1643 5625 1666 5668 et
1688 5615 1776 5671 iricidit
1790 5618 1819 5674 in

1453 5704 1674 5788 (Viam-ituit.)

1838 5701 1857 5734 N
