3854 6128
143 159 200 221 ,ιι
866 153 1058 214 onerario.
1733 164 1790 222 ιιι

142 288 197 337 raa.
210 274 262 336 libi
272 281 398 344 corrupta
407 269 450 330 cat
458 272 513 329 lira
525 285 649 328 sermone
659 270 802 341 serpentis,
812 269 849 325 ibi
860 267 941 326 debet
990 272 1077 330 robis.
1088 273 1186 330 lutetia
1193 272 1252 342 lilii,
1262 282 1349 333 estote
1358 283 1386 333 et
1392 283 1502 334 matres.
1515 275 1576 334 mttt
1589 276 1696 347 matria,
1704 292 1789 351 quaa·

144 386 204 428 esse
214 371 289 441 virgo
302 367 422 425 Ecclesia
432 366 503 422 dono
510 366 716 436 Omnipotentis.
728 366 799 435 Ergo
809 366 835 420 in
847 374 938 422 mente
989 363 1025 419 do
1044 364 1170 448 baptisati
1189 367 1273 432 estis,
1289 376 1352 422 tune
1368 367 1487 423 membra
1504 367 1603 425 Christi
1624 377 1688 425 nata
1705 371 1786 426 estis.

112 457 115 465 ’
143 465 250 534 pariant
263 459 382 516 membra
394 458 504 522 Cbristi,
528 458 597 514 sicot
610 456 692 512 llaria
706 459 732 512 in
748 466 843 513 ventre
857 457 937 527 llirgo
990 455 1123 512 adducite
1139 457 1173 511 ad
1190 458 1325 513 lavacrum
1338 457 1517 528 baptismatis,
1526 474 1591 529 quos
1608 461 1737 531 potestis,
1754 470 1787 520 ut

143 554 250 625 peperit
261 552 408 618 Christum,
430 559 457 606 et
477 551 518 607 sie
539 550 615 606 eritis
635 558 734 605 matres
755 547 865 604 Cbristi.
879 548 936 603 Non
988 547 1058 602 sicut
1072 547 1118 603 lilii
1129 548 1227 616 luistis,
1239 548 1345 619 quando
1357 549 1412 604 nati
1424 549 1500 616 estis,
1513 550 1642 606 nicetiana
1655 551 1786 610 ducendo

143 655 186 703 est
200 645 279 716 longe
293 659 307 698 a
320 644 407 711 robis,
419 656 472 699 non
485 650 527 698 est
540 650 637 712 prater
647 655 705 708 uos,
719 654 772 697 non
785 641 936 697 abliorreta
990 639 1023 693 ad
1037 640 1199 695 nascendum
1215 650 1314 697 matres
1327 640 1428 696 Christi
1442 654 1504 697 esse
1518 643 1631 711 possltis.

55 958 59 976 ·
104 880 110 969 l
250 890 867 1015 'saneutssanro
906 893 1267 1009 nomano
1305 895 1673 1013 mosano

516 1171 711 1313 ΡΙΟ
778 1172 1092 1308 PAPAE
1157 1173 1357 1311 vll.

986 1461 1014 1508 et
1032 1450 1199 1508 Praesidium.
1215 1451 1398 1509 Renidentiori
1413 1452 1495 1524 igitur
1510 1454 1599 1511 lronte
1613 1471 1693 1526 quam
1705 1458 1782 1528 quis-

985 1556 1065 1612 quam
1087 1542 1155 1599 alius
1176 1543 1239 1599 illos
1262 1544 1379 1614 excipias
1400 1559 1433 1600 ac
1447 1544 1598 1616 benigniori
1613 1547 1696 1604 ueluti
1724 1549 1786 1605 sinu

15 1406 21 1416 ·
117 1356 131 1437 t

247 1469 406 1523 Boartssuru
420 1463 522 1526 Paron,

106 1588 109 1596 Ι
151 1603 153 1608 ’
177 1622 386 1689 Quauoooutoert
401 1610 587 1685 gratulandum
601 1609 666 1664 milri
680 1610 757 1680 plane
771 1608 848 1663 video
862 1605 931 1677 quod

138 1711 205 1768 illud
225 1710 305 1765 luerit
327 1717 400 1763 sorte
423 1706 524 1770 datum,
555 1712 584 1756 ut
609 1717 693 1757 noros
717 1700 846 1771 quosdam
874 1697 933 1752 biri

139 1800 241 1860 Aurelii
263 1798 406 1869 Augustini
429 1794 574 1851 Sermones
590 1794 615 1846 ιιι
631 1791 775 1847 (lodicibus
791 1789 852 1844 llss.
869 1789 933 1845 Cas-

138 1894 256 1951 sinensis
270 1892 348 1962 hujus
363 1886 561 1944 Arelriemnobii
576 1886 775 1949 delitescentes,
798 1883 931 1937 eutitium-

138 2002 192 2061 que
206 1985 290 2040 oculis
305 1984 433 2037 haetenus
450 1979 591 2049 impervios
607 1991 678 2031 nunc
691 1976 806 2045 primum
819 1973 932 2028 eblattis

138 2093 275 2141 eruerem,
301 2076 421 2144 lucisque
443 2087 524 2127 usura
545 2071 686 2136 donarem,
701 2068 814 2139 patiare,
829 2081 930 2138 quaeso,

139 2173 301 2235 Bnarrssmn
317 2169 420 2234 Paron,
435 2178 465 2222 ut
480 2167 586 2224 illorum
601 2166 659 2222 Ttot
674 2164 811 2235 specimen
827 2161 930 2226 sistam,

139 2263 209 2337 qtrorl
224 2263 342 2332 quidem,
358 2274 406 2315 nec
420 2269 532 2327 temere,
548 2262 574 2313 in
588 2269 758 2317 antecessum
781 2253 931 2325 procuden-

138 2352 203 2406 dum
215 2353 315 2405 curavi.
330 2350 413 2416 lstud,
423 2352 540 2421 inquam,
551 2363 705 2404 sermonum
717 2347 853 2417 specimen
865 2346 933 2399 Bm·

138 2454 258 2501 rtruutut
282 2455 341 2493 rua
361 2440 431 2505 jure,
454 2441 603 2509 rtreritoque
625 2437 772 2494 sistendum
794 2435 930 2508 putabam,

139 2545 196 2599 tum
215 2533 285 2603 «ruod
309 2539 481 2587 monumenta
503 2531 613 2586 exbibet
634 2530 829 2601 pretiosissima
845 2528 931 2598 llagni

137 2629 212 2685 illius
228 2626 353 2682 Ecclesiae
369 2621 503 2688 bnatoris,
520 2632 547 2676 et
568 2622 696 2691 llngistri,
712 2622 788 2691 cnjus
801 2622 932 2677 doctrinae

138 2721 305 2792 prestantia,
321 2733 352 2770 ac
367 2716 456 2770 divina
471 2712 593 2784 quaedam
614 2712 745 2766 celsitudo
768 2714 794 2765 ln
814 2713 931 2782 Aposto-

138 2808 199 2868 tica
212 2808 288 2863 Sedis
303 2807 367 2859 Turn
380 2804 497 2859 eulmine
510 2802 678 2872 potissimum
689 2801 739 2857 sibi
750 2816 856 2872 semper·
872 2817 932 2871 pro·

138 2885 317 2974 pugnaculum
337 2895 492 2961 vindicavit,
517 2904 571 2948 tum
595 2894 666 2965 quod
692 2892 764 2948 illiue
787 2894 931 2950 Sermones
1026 2904 1044 2921 r

138 2994 182 3050 isti
205 3000 268 3047 snm
288 2990 449 3060 deprompti,
475 2986 545 3042 unde
570 2985 741 3041 Betrcdietina
765 2985 877 3041 soboles
891 2998 932 3042 est

138 3079 931 3158 propagata,euiSmortrtsruaoliroinminoribuscman-

139 3162 287 3248 eipabatur,
301 3176 430 3245 crtjrtsquc
447 3187 516 3225 ιιιιιιι
528 3181 554 3225 ιι
568 3171 668 3225 Parcus
680 3171 783 3237 existis,
796 3180 822 3226 et
833 3171 929 3238 Decus,

987 1632 1089 1700 loreas,
1113 1635 1353 1704 praesentissimum
1376 1637 1409 1693 lis
1427 1638 1554 1695 columen
1575 1649 1725 1709 praestans;
1751 1656 1786 1696 ne

984 1726 1045 1795 quis
1066 1734 1154 1794 pateat
1175 1727 1382 1794 obtrectationi,
1399 1729 1560 1800 invidiaeque
1576 1730 1653 1788 loeus
1670 1746 1727 1788 :eo
1743 1733 1784 1790 ret

984 1818 1070 1887 magis
1083 1818 1154 1888 quod
1169 1819 1342 1875 benedictina
1363 1821 1474 1877 Familia
1499 1821 1565 1878 illud
1588 1823 1644 1880 lere
1670 1826 1783 1895 privile·

983 1908 1055 1978 gium
1071 1924 1125 1964 non
1144 1911 1279 1967 immerito
1301 1913 1351 1967 sibi
1366 1923 1482 1983 arroget,
1501 1922 1531 1969 ut
1543 1929 1591 1984 per
1605 1930 1669 1971 suos
1682 1919 1778 1987 praece

983 2012 1036 2070 pue
1057 2001 1186 2056 alumnos
1211 2003 1276 2058 tanti
1301 2003 1424 2060 Doctorls
1447 2019 1529 2075 opera
1546 2019 1782 2078 recognoscantur,

987 2091 1168 2160 illustrentur,
1184 2093 1308 2150 edantur.
1326 2094 1365 2151 'l'u
1380 2096 1461 2167 igitur
1473 2098 1554 2164 votis,
1567 2100 1715 2171 coeptisque
1728 2114 1780 2154 an-

983 2196 1045 2247 nue,
1063 2182 1221 2238 Batrrssum
1237 2184 1339 2252 Parsa,
1351 2201 1432 2256 quem
1444 2187 1508 2243 dum
1519 2188 1686 2246 Christianos
1695 2189 1779 2249 Orbis

984 2269 1126 2328 Parentem
1150 2274 1285 2344 publicum
1306 2275 1409 2346 jamdiu
1424 2277 1501 2346 colit,
1515 2293 1547 2333 ac
1565 2289 1720 2348 veneratur,
1742 2283 1780 2337 si·

983 2365 1039 2418 mul
1059 2373 1087 2419 et
1108 2366 1290 2433 scientiarum,
1314 2380 1340 2423 et
1362 2369 1468 2429 Artium
1484 2369 1671 2439 tteeeuarem,
1688 2373 1784 2430 Patro·

984 2471 1102 2527 numque
1124 2457 1397 2515 benellcentissimum
1418 2463 1542 2531 suspicit,
1568 2478 1601 2519 ae
1634 2466 1748 2521 miratur
1773 2486 1781 2523 ι

984 2543 1067 2615 Cujus
1087 2547 1196 2603 demum
1221 2549 1406 2606 Sanctissimis
1427 2552 1586 2621 provolutus
1600 2553 1717 2625 pedibus
1731 2571 1780 2626 pa·

983 2644 1067 2693 ternae
1081 2637 1279 2696 Benedictlonis
1293 2642 1389 2712 pignus
1402 2641 1429 2697 in
1450 2656 1504 2707 me,
1519 2659 1663 2715 meumque
1680 2645 1782 2702 Arelli·

982 2728 1136 2783 coenobium
1144 2729 1224 2793 istud,
1234 2729 1780 2806 congregationemqueunirersamquam

983 2818 1133 2876 humillime
1143 2820 1270 2891 deposco.

1194 2932 1374 2991 Saucarrarrs
1388 2933 1450 2992 Τιιι

1055 3064 1237 3131 llumillintus,
1253 3074 1332 3137 atque
1344 3067 1608 3139 obsequentissimus
1620 3070 1705 3126 Filius

984 3175 1016 3230 lt.
1040 3176 1174 3233 denarios
1189 3178 1275 3235 Faria
1296 3180 1466 3238 Fatuormrra
1480 3181 1625 3240 Montanus
1638 3183 1777 3243 Caesareas.

133 3291 1775 3352 ,me

146 3405 150 3412 ’
456 3515 475 3548 2
568 3434 1003 3613 idemloquium
1042 3427 1334 3583 cellatis*

834 3694 1098 3746 —--o---

144 3878 146 3883 ,
174 3815 290 3873 Coutcas
320 3815 514 3885 manuscriptos
546 3812 717 3867 bibliothecae
746 3813 825 3882 bujus
844 3815 934 3870 Cassi·

137 3912 231 3969 nensis
241 3912 267 3966 in
281 3925 378 3965 nnvrrm
392 3911 542 3978 catalogum
554 3905 676 3976 digerere
688 3904 863 3976 aggredienti,
877 3915 934 3962 tum

137 4007 172 4064 ad
186 4021 276 4062 rerum
290 4005 441 4085 ¹materias,
465 4013 520 4058 tum
539 4001 572 4056 ad
593 4000 779 4058 characterum
802 4002 932 4071 lormam,

135 4101 194 4158 tam
206 4096 240 4152 ad
248 4104 339 4152 arama
351 4097 424 4165 ipsus
435 4094 554 4163 nquiore
563 4107 614 4163 qua
629 4093 820 4163 possemlance
833 4110 934 4164 expeu-

136 4188 251 4253 dandas,
271 4188 337 4242 niltil
359 4186 424 4239 milti
450 4186 578 4255 optatius,
599 4198 649 4239 uec
671 4185 833 4253 auspicatius
846 4186 934 4239 eonti-

985 3817 1036 3873 bus
1050 3821 1174 3878 nimirum
1198 3841 1264 3883 onus
1276 3839 1300 3885 et
1314 3832 1380 3887 ιιιιι·
1393 3833 1519 3891 uideretur
1535 3846 1637 3895 omar
1650 3858 1752 3912 ριιιιιιιι
1769 3861 1780 3902 .·

986 3915 1158 3980 nequeenim
1176 3933 1219 3974 me
1235 3920 1352 3992 lugiebat
1371 3939 1430 3981 moa
1448 3927 1494 3984 ille
1516 3940 1705 4003 preposterus,
1728 3936 1776 4004 qui

985 4004 1055 4073 apud
1069 4009 1210 4077 segniores
1224 4013 1358 4084 praecipue
1375 4025 1469 4074 aetates
1480 4019 1644 4087 invaluerat,
1658 4023 1775 4080 corido-

986 4095 1065 4149 nandi
1080 4098 1204 4155 videlieet
1218 4118 1250 4157 ex
1270 4105 1377 4161 Patrum
1398 4108 1539 4181 Excerptis
1556 4126 1638 4168 unum
1655 4113 1775 4186 aliquem

984 4187 1068 4241 veluti
1083 4189 1193 4246 notlaum
1212 4206 1335 4265 partum,
1351 4214 1430 4270 quem
1445 4210 1547 4258 temere
1561 4203 1605 4258 eui
1617 4203 1719 4260 vellent
1730 4206 1781 4261 ad·

137 4281 222 4352 gisset
251 4294 383 4350 unquam,
410 4291 488 4347 quam
518 4285 547 4330 ut
568 4276 593 4329 in
617 4275 760 4345 plerosque
788 4276 932 4334 inciderem
981 4277 1142 4347 judicarent.
1171 4284 1288 4343 Verebar
1312 4290 1415 4347 scilieet
1441 4308 1474 4348 ιιι
1497 4308 1609 4366 operam
1635 4297 1777 4365 luderem,

135 4366 229 4446 magni
241 4373 364 4428 [lectoris
384 4370 525 4440 Augrrstini
549 4383 706 4435 sermones,
723 4384 790 4439 quos
804 4371 830 4424 in
854 4371 933 4427 editis

137 4464 360 4533 bramptonus,
383 4461 471 4530 iisque
492 4460 689 4530 probatissimis
716 4460 760 4516 vel
783 4459 931 4516 desiderari

136 4569 260 4626 prorsus,
277 4554 317 4608 ιιι
332 4552 452 4620 pluribus
465 4551 586 4620 intercipi
608 4550 711 4604 lacunis
724 4551 859 4621 perspexi.
877 4552 931 4606 llo-

135 4659 197 4702 rutu
216 4643 320 4712 aliquos
340 4644 402 4698 licet
426 4644 579 4700 enuntiatos
602 4643 750 4698 invenerim
773 4644 800 4696 iu
830 4643 930 4698 Biblio-

135 4735 215 4795 tltcca
230 4733 348 4789 ltledicea
362 4749 423 4788 curn
436 4734 615 4790 Laurentiano
639 4735 804 4804 leopoldina
819 4777 826 4798 ,
843 4735 869 4788 in
885 4735 931 4790 illa

136 4800 266 4916 ¹§.liutei
279 4825 448 4881 venetiarum
461 4866 468 4891 ,
483 4827 607 4897 aliisque,
624 4842 735 4896 quarum
756 4835 862 4882 exstant
877 4826 929 4881 Ca-

134 4904 217 4994 talogi
237 4918 366 4976 Codicum
390 4915 453 4971 uss.
478 4917 548 4985 typis
563 4919 705 4988 impressi;
734 4918 766 4972 de
787 4917 819 4973 iis
841 4926 930 4973 tamen

984 4383 1052 4425 neve
1065 4373 1128 4441 quid
1143 4375 1270 4433 audacius
1280 4381 1392 4438 molirer
1402 4399 1481 4456 supra
1491 4385 1616 4444 sedulam
1628 4387 1679 4447 boc
1693 4391 1719 4445 in
1728 4407 1779 4464 ge·

984 4474 1060 4528 nere,
1078 4465 1175 4534 vixque
1186 4482 1251 4525 sane
1265 4474 1480 4545 aequiparandam
1492 4493 1586 4537 curant
1600 4482 1774 4542 doctissimo·

983 4566 1043 4607 rum
1068 4553 1258 4616 llonacltorum
1285 4562 1505 4639 Congregatiouis
1516 4570 1545 4627 S.
1566 4571 1652 4629 llauri
1680 4575 1706 4630 in
1729 4590 1778 4632 sua

983 4642 1129 4703 Parisiensi
1149 4649 1272 4708 Editionc
1289 4658 1549 4730 :meritoqueetiam
1568 4665 1729 4736 suspicabar
1742 4684 1778 4724 ne

983 4748 1141 4797 caeterarum
1151 4743 1230 4815 longe
1243 4749 1441 4817 praeclariorum
1452 4751 1680 4813 bibliothecarum
1692 4758 1779 4830 digni·

984 4832 1042 4898 tati,
1065 4845 1245 4910 spectataque
1263 4843 1449 4911 praecellentiae
1466 4845 1625 4919 derogatum
1645 4864 1660 4905 a
1675 4851 1775 4907 merel

983 4923 1175 4994 aliquantulum
1186 4930 1333 4988 rideretur.

135 5012 251 5084 singulis
263 5009 361 5067 ibidem
382 5015 538 5063 annotatum
552 5007 603 5077 legi
622 5009 656 5063 ab
671 5008 793 5065 Editionc
809 5010 927 5065 exulare.
1018 5016 1058 5069 lld
1084 5018 1285 5091 locupletiorem
1311 5027 1423 5096 proinde
1445 5031 1483 5086 rei
1510 5032 1674 5090 euidentiam
1702 5035 1779 5104 ipsos

135 5078 287 5162 llennullos
309 5116 375 5158 vero
389 5100 423 5157 ad
437 5113 577 5154 numerum
593 5099 687 5168 viginti
708 5101 825 5171 quinque
843 5116 928 5172 nuper
983 5110 1162 5167 consulendos
1174 5114 1236 5168 duxi
1248 5128 1408 5185 praestantes
1422 5121 1545 5181 doctrina
1559 5124 1652 5195 Viros,
1663 5134 1693 5184 el
1707 5142 1777 5197 qua.

138 5197 229 5269 repert
251 5197 276 5251 in
302 5194 389 5250 lucem
404 5193 491 5249 editos
514 5191 584 5264 apud
606 5189 758 5274 Germanos
774 5209 845 5248 amm
861 5192 931 5250 ltus
983 5203 1024 5258 ιιι
1039 5203 1094 5260 tere
1108 5209 1266 5278 exceptione
1278 5211 1416 5284 majores,
1432 5231 1482 5274 nec
1499 5234 1554 5275 non
1569 5219 1638 5278 alios
1650 5223 1778 5293 egregios

131 5303 187 5361 per
200 5287 292 5343 tlirum
306 5277 483 5342 clarissimum
503 5284 658 5340 llicbaelem
676 5283 755 5340 [lenia
772 5285 930 5344 Praefectum
983 5309 1072 5350 rernm
1091 5295 1244 5367 hrrjmmodi
1270 5303 1448 5364 aestimatores
1461 5308 1489 5364 in
1502 5310 1585 5367 variis
1605 5310 1690 5369 ltaliae
1704 5312 1780 5370 urbi.

131 5371 313 5461 bibliothecae
343 5376 578 5446 vindobonensia
609 5385 725 5433 caeteros
751 5378 777 5432 in
812 5380 930 5435 tenebris
982 5386 1031 5442 ltus
1045 5387 1182 5460 degentes,
1204 5393 1323 5468 mihique
1337 5399 1488 5458 litterarum
1503 5402 1689 5464 remitterem
1708 5422 1779 5464 00„-

131 5472 225 5556 ¹adbuc
239 5470 399 5528 delitescere
413 5468 498 5525 dolui.
514 5468 617 5539 Qltuns
631 5469 718 5525 lucem
733 5472 850 5542 amplius
863 5472 930 5526 iuvi·
980 5477 1097 5548 iunctos,
1115 5483 1184 5539 iuter
1198 5501 1266 5555 quos
1291 5490 1437 5563 principem
1451 5495 1573 5565 prolecto
1588 5495 1679 5554 locum
1701 5509 1779 5557 tener

137 5561 197 5621 deri
208 5565 304 5634 agrius
316 5564 404 5618 lerona
417 5562 454 5617 nil
472 5563 559 5631 potius
573 5563 664 5628 habui,
680 5580 760 5635 quam
774 5577 801 5619 ut
818 5567 928 5621 inresti-
981 5573 1153 5630 doctissimus
1166 5579 1291 5650 aloysius
1313 5582 1467 5639 Vincentius
1479 5584 1612 5644 Cassittus
1624 5604 1658 5645 er
1672 5590 1778 5647 Praedi-

129 5632 243 5729 gandia,
258 5658 281 5715 si
293 5673 353 5733 quae
368 5643 467 5744 forent,
485 5655 588 5746 laciniis
598 5656 806 5754 'adlaborarcnm
824 5677 854 5727 ex
870 5662 928 5732 qut·
981 5674 1101 5723 catomm
1112 5669 1233 5743 lautitia,
1251 5672 1327 5750 cujus
1349 5675 1487 5750 sagacitati
1500 5679 1676 5766 solertiaque
1683 5681 1738 5755 naq
1749 5683 1778 5744 tn
